%%%% section 4.3 of sl08, related references

@inproceedings{jls20,
  title = {A robust multi-dimensional sparse {F}ourier transform in the continuous setting},
  author = {Yaonan Jin and Daogao Liu and Zhao Song},
  booktitle = {manuscript},
  publisher = {\url{https://arxiv.org/pdf/2005.06156.pdf}},
  year = {2020}
}


@inproceedings{zpd+20,
  title = {Over-parameterized Adversarial Training: An Analysis Overcoming the Curse of Dimensionality},
  author = {Yi Zhang and Orestis Plevrakis and Simon S. Du and Xingguo Li and Zhao Song and Sanjeev Arora}, 
  booktitle = {manuscript},
  publisher = {\url{https://arxiv.org/pdf/2002.06668.pdf}},
  year = {2020}
}

@inproceedings{bln+20,
  title = {Bipartite Matching in Nearly-linear Time on Moderately Dense Graphs},
  author = {Brand, Jan van den and Yin Tat Lee and Danupon Nanongkai and Richard Peng and Thatchaphol Saranurak and Aaron Sidford and Zhao Song and Di Wang},
  booktitle = {FOCS},
  year = {2020}
}


@inproceedings{blss20,
  title = {Solving Tall Dense Linear Programs in Nearly Linear Time},
  author = {Brand, van den Jan and Yin Tat Lee and Aaron Sidford and Zhao Song},
  booktitle = {STOC},
  publisher = {\url{https://arxiv.org/pdf/2002.02304.pdf}},
  year = {2020}
}

@inproceedings{dzps19,
  title={Gradient descent provably optimizes over-parameterized neural networks},
  author={Du, Simon S and Zhai, Xiyu and Poczos, Barnabas and Singh, Aarti},
  booktitle = {ICLR},
  publisher={\url{https://arxiv.org/pdf/1810.02054.pdf}},
  year={2019}
}

@inproceedings{cmf+19,
  title={Slide: In defense of smart algorithms over hardware acceleration for large-scale deep learning systems},
  author={Chen, Beidi and Medini, Tharun and Farwell, James and Gobriel, Sameh and Tai, Charlie and Shrivastava, Anshumali},
  booktitle={SysML},
  publisher={arXiv preprint arXiv:1903.03129},
  year={2019}
}

@inproceedings{hptd15,
  title={Learning both weights and connections for efficient neural network},
  author={Han, Song and Pool, Jeff and Tran, John and Dally, William},
  booktitle={NIPS},
  pages={1135--1143},
  year={2015}
}

@inproceedings{hmd16,
  title={Deep compression: Compressing deep neural networks with pruning, trained quantization and huffman coding},
  author={Han, Song and Mao, Huizi and Dally, William J},
  booktitle={ICLR},
  publisher={arXiv preprint arXiv:1510.00149},
  year={2016}
}

@inproceedings{ksh12,
  title={Imagenet classification with deep convolutional neural networks},
  author={Krizhevsky, Alex and Sutskever, Ilya and Hinton, Geoffrey E},
  booktitle={Advances in neural information processing systems},
  pages={1097--1105},
  year={2012}
}

@inproceedings{wk18,
  title={Provable defenses against adversarial examples via the convex outer adversarial polytope},
  author={Wong, Eric and Kolter, Zico},
  booktitle={International Conference on Machine Learning},
  pages={5286--5295},
  year={2018}
}


@inproceedings{kbd+17,
  title={Reluplex: An efficient SMT solver for verifying deep neural networks},
  author={Katz, Guy and Barrett, Clark and Dill, David L and Julian, Kyle and Kochenderfer, Mykel J},
  booktitle={International Conference on Computer Aided Verification},
  pages={97--117},
  year={2017},
  organization={Springer}
}


@inproceedings{bs17,
  title={Safe and nested subgame solving for imperfect-information games},
  author={Brown, Noam and Sandholm, Tuomas},
  booktitle={Advances in neural information processing systems},
  pages={689--699},
  year={2017}
}

@article{bbc+19,
  title={Dota 2 with large scale deep reinforcement learning},
  author={Berner, Christopher and Brockman, Greg and Chan, Brooke and Cheung, Vicki and Debiak, Przemys{\l}aw and Dennison, Christy and Farhi, David and Fischer, Quirin and Hashme, Shariq and Hesse, Chris and others},
  journal={arXiv preprint arXiv:1912.06680},
  year={2019}
}

@inproceedings{bs19,
  title={Solving imperfect-information games via discounted regret minimization},
  author={Brown, Noam and Sandholm, Tuomas},
  booktitle={Proceedings of the AAAI Conference on Artificial Intelligence},
  volume={33},
  pages={1829--1836},
  year={2019}
}

@inproceedings{s17,
  title={Super-Human AI for Strategic Reasoning: Beating Top Pros in Heads-Up No-Limit Texas Hold'em.},
  author={Sandholm, Tuomas},
  booktitle={IJCAI},
  pages={24--25},
  year={2017}
}

@inproceedings{bsm17,
  title={Libratus: The Superhuman AI for No-Limit Poker.},
  author={Brown, Noam and Sandholm, Tuomas and Machine, Strategic},
  booktitle={IJCAI},
  pages={5226--5228},
  year={2017}
}

@article{shm+16,
  title={Mastering the game of Go with deep neural networks and tree search},
  author={Silver, David and Huang, Aja and Maddison, Chris J and Guez, Arthur and Sifre, Laurent and Van Den Driessche, George and Schrittwieser, Julian and Antonoglou, Ioannis and Panneershelvam, Veda and Lanctot, Marc and others},
  journal={nature},
  volume={529},
  number={7587},
  pages={484--489},
  year={2016},
  publisher={Nature Publishing Group}
}

@article{sss+17,
  title={Mastering the game of go without human knowledge},
  author={Silver, David and Schrittwieser, Julian and Simonyan, Karen and Antonoglou, Ioannis and Huang, Aja and Guez, Arthur and Hubert, Thomas and Baker, Lucas and Lai, Matthew and Bolton, Adrian and others},
  journal={nature},
  volume={550},
  number={7676},
  pages={354--359},
  year={2017},
  publisher={Nature Publishing Group}
}

@inproceedings{hscla20,
  title={TextHide: Tackling Data Privacy for Language Understanding},
  author={Yangsibo Huang and Zhao Song and Danqi Chen and Kai Li and Sanjeev Arora},
  booktitle = {Manuscript},
  year={2020}
}


@inproceedings{hsla20adv,
  title={A Better Defense Against White-box Adversarial Attacks},
  author={Yangsibo Huang and Zhao Song and Kai Li and Sanjeev Arora},
  booktitle = {Manuscript},
  year={2020}
}

@inproceedings{hsla20,
  title={InstaHide: Instace-hiding Schemes for Private Distributed Learning},
  author={Yangsibo Huang and Zhao Song and Kai Li and Sanjeev Arora},
  booktitle = {ICML},
  year={2020}
}

@inproceedings{hsr+20,
  title={Privacy-preserving Learning via Deep Net Pruning},
  author={Huang, Yangsibo and Su, Yushan and Ravi, Sachin and Song, Zhao and Arora, Sanjeev and Li, Kai},
  booktitle = {arXiv preprint},
  publisher={\url{https://arxiv.org/pdf/2003.01876.pdf}},
  year={2020}
}

@inproceedings{lsz19,
  title={Solving Empirical Risk Minimization in the Current Matrix Multiplication Time},
  author={Lee, Yin Tat and Song, Zhao and Zhang, Qiuyi},
  booktitle = {COLT},
  publisher={\url{https://arxiv.org/pdf/1905.04447}},
  year={2019}
}

@inproceedings{sy19,
  title={Quadratic Suffices for Over-parametrization via Matrix Chernoff Bound},
  author={Song, Zhao and Yang, Xin},
  booktitle = {arXiv preprint},
  publisher={\url{https://arxiv.org/pdf/1906.03593.pdf}},
  year={2019}
}


@inproceedings{als19b,
  title={On the convergence rate of training recurrent neural networks},
  author={Allen-Zhu, Zeyuan and Li, Yuanzhi and Song, Zhao},
  booktitle={NeurIPS},
  publisher ={\url{https://arxiv.org/pdf/1810.12065}},
  year={2019}
}

@inproceedings{als19a,
  title={A convergence theory for deep learning via over-parameterization},
  author={Allen-Zhu, Zeyuan and Li, Yuanzhi and Song, Zhao},
  booktitle ={ICML},
  publisher={\url{https://arxiv.org/pdf/1811.03962}},
  year={2019}
}



@inproceedings{bpsw20,
  title={Training (Overparameterized) Neural Networks in Near-Linear Time},
  author={Brand, Jan van den and Binghui Peng and Zhao Song and Omri Weinstein},
  booktitle={arXiv preprint},
  publisher={\url{https://arxiv.org/pdf/2006.11648.pdf}},
  year={2020}
}


@inproceedings{jlsw20,
  title = {An Improved Cutting Plane Method for Convex Optimization, Convex-Concave Games and its Applications},
  author = {Haotian Jiang and Yin Tat Lee and Zhao Song and Wong, Sam Chiu-wai},
  booktitle = {STOC},
  publisher={\url{https://arxiv.org/pdf/2004.04250.pdf}},
  year = {2020}
}

@inproceedings{jswz20,
  title={Faster Dynamic Matrix Inverse for Faster LPs},
  author={Jiang, Shunhua and Song, Zhao and Weinstein, Omri and Zhang, Hengjie},
  booktitle={arXiv preprint},
  publisher={\url{https://arixv.org/pdf/2004.07470.pdf}},
  year={2020}
}


@inproceedings{jklps20,
  title={A Faster Interior Point Method for Semidefinite Programming},
  author={Haotian Jiang and Tarun Kathuria and Yin Tat Lee and Swati Padmanabhan and Zhao Song},
  booktitle={FOCS},
  year={2020}
}

@article{glps10,
  title={Approximate sparse recovery: optimizing time and measurements},
  author={Gilbert, Anna C and Li, Yi and Porat, Ely and Strauss, Martin J},
  journal={SIAM Journal on Computing 2012 (A preliminary version of this paper appears in STOC 2010)},
  volume={41},
  number={2},
  pages={436--453},
  year={2010},
  publisher={SIAM}
}

@inproceedings{acss20,
  title = {Algorithms and Hardness for Linear Algebra on Geometric Graphs},
  author = {Josh Alman and Timothy Chu and Aaron Schild and Zhao Song},
  booktitle = {FOCS},
  year = {2020}
}


@article{gr89,
  title={On the evaluation of electrostatic interactions in molecular modeling},
  author={Greengard, Leslie and Rokhlin, Vladimir},
  journal={Chemica scripta},
  volume={29},
  pages={139--144},
  year={1989}
}

@article{gr88,
  title={The rapid evaluation of potential fields in three dimensions},
  author={Greengard, Leslie and Rokhlin, Vladimir},
  journal={Vortex Methods. Springer, Berlin, Heidelberg},
  pages={121--141},
  year={1988}
}

@article{gr87,
  title={A fast algorithm for particle simulations},
  author={Greengard, Leslie and Rokhlin, Vladimir},
  journal={Journal of computational physics},
  volume={73},
  number={2},
  pages={325--348},
  year={1987},
  publisher={Elsevier}
}

@inproceedings{nsw19,
  author    = {Vasileios Nakos and Zhao Song and Zhengyu Wang},
  title     = {({N}early) Sample-Optimal Sparse {F}ourier Transform in Any Dimension; {RIP}less and {F}ilterless},
  booktitle = {FOCS},
  publisher = {\url{https://arxiv.org/pdf/1909.11123.pdf}},
  year      = {2019}
}

@inproceedings{ns19,
  title={Stronger {L}2/{L}2 Compressed Sensing; Without Iterating},
  author={Vasileios Nakos and Zhao Song},
  booktitle={STOC},
  publisher={\url{https://arxiv.org/pdf/1903.02742.pdf}},
  year={2019}
}


@inproceedings{lsw15,
  title={A faster cutting plane method and its implications for combinatorial and convex optimization},
  author={Lee, Yin Tat and Sidford, Aaron and Wong, Sam Chiu-wai},
  booktitle={FOCS},
  year={2015}
}

@inproceedings{v89,
  title={A new algorithm for minimizing convex functions over convex sets},
  author={Vaidya, Pravin M},
  booktitle={FOCS},
  year={1989}
}

@inproceedings{v89_lp,
  title={Speeding-up linear programming using fast matrix multiplication},
  author={Vaidya, Pravin M},
  booktitle={FOCS},
  year={1989}
}

@article{cipra00,
  title={The best of the 20th century: Editors name top 10 algorithms},
  author={Cipra, Barry A},
  journal={SIAM news},
  volume={33},
  number={4},
  pages={1--2},
  year={2000}
}

@inproceedings{cls19,
  title={Solving Linear Programs in the Current Matrix Multiplication Time},
  author={Cohen, Michael B and Lee, Yin Tat and Song, Zhao},
  booktitle= {STOC},
  publisher={\url{https://arxiv.org/pdf/1810.07896}},
  year={2019}
}

@article{st04,
  title={Smoothed analysis of algorithms: Why the simplex algorithm usually takes polynomial time},
  author={Spielman, Daniel A and Teng, Shang-Hua},
  journal={Journal of the ACM (JACM)},
  volume={51},
  number={3},
  pages={385--463},
  year={2004},
  publisher={ACM}
}

@inproceedings{als18b,
  title={On the convergence rate of training recurrent neural networks},
  author={Allen-Zhu, Zeyuan and Li, Yuanzhi and Song, Zhao},
  booktitle={NeurIPS},
  publisher={\url{https://arxiv.org/pdf/1810.12065}},
  year={2019}
}

@inproceedings{als18a,
  title={A Convergence Theory for Deep Learning via Over-Parameterization},
  author={Allen-Zhu, Zeyuan and Li, Yuanzhi and Song, Zhao},
  booktitle={ICML},
  publisher={\url{https://arxiv.org/pdf/1811.03962}},
  year={2019}
}

@inproceedings{dgtz18,
  title={Efficient Statistics, in High Dimensions, from Truncated Samples},
  author={Daskalakis, Constantinos and Gouleakis, Themis and Tzamos, Christos and Zampetakis, Manolis},
  booktitle = {FOCS},
  publisher={\url{https://arxiv.org/pdf/1809.03986}},
  year={2018}
}

@article{bsst13,
  title={Spectral sparsification of graphs: theory and algorithms},
  author={Batson, Joshua and Spielman, Daniel A and Srivastava, Nikhil and Teng, Shang-Hua},
  journal={Communications of the ACM},
  volume={56},
  number={8},
  pages={87--94},
  year={2013},
  publisher={ACM}
}

@inproceedings{ls17,
  title={An SDP-based algorithm for linear-sized spectral sparsification},
  author={Lee, Yin Tat and Sun, He},
  booktitle={STOC},
  pages={678--687},
  year={2017},
  organization={ACM}
}

@inproceedings{bk96,
  title={Approximating st minimum cuts in $\widetilde{O}(n^2)$ time},
  author={Bencz{\'u}r, Andr{\'a}s A and Karger, David R},
  booktitle={STOC},
  pages={47--55},
  year={1996},
  organization={ACM}
}

@inproceedings{s18,
  title={An almost-linear time algorithm for uniform random spanning tree generation},
  author={Schild, Aaron},
  booktitle={STOC},
  pages={214--227},
  year={2018},
  organization={ACM}
}


@article{g83,
  title={Random spanning tree},
  author={Guenoche, Alain},
  journal={Journal of algorithms},
  volume={4},
  number={3},
  pages={214--220},
  year={1983},
  publisher={Elsevier}
}

@inproceedings{zlsd18,
  title={Learning Long Term Dependencies via Fourier Recurrent Units},
  author={Zhang, Jiong and Lin, Yibo and Song, Zhao and Dhillon, Inderjit S},
  booktitle = {ICML},
  publisher={\url{https://arxiv.org/pdf/1803.06585}},
  year={2018}
}

@inproceedings{wzcshbdd18,
  title={Towards Fast Computation of Certified Robustness for ReLU Networks},
  author={Weng, Tsui-Wei and Zhang, Huan and Chen, Hongge and Song, Zhao and Hsieh, Cho-Jui and Boning, Duane and Dhillon, Inderjit S and Daniel, Luca},
  booktitle = {ICML},
  publisher={\url{https://arxiv.org/pdf/1804.09699}},
  year={2018}
}

@inproceedings{ks18,
  title={A Matrix Chernoff Bound for Strongly Rayleigh Distributions and Spectral Sparsifiers from a few Random Spanning Trees},
  author={Kyng, Rasmus and Song, Zhao},
  booktitle = {FOCS},
  publisher={\url{https://arxiv.org/pdf/1810.08345}},
  year={2018}
}

@article{t65,
  title={Inequality with applications in statistical mechanics},
  author={Thompson, Colin J},
  journal={Journal of Mathematical Physics},
  volume={6},
  number={11},
  pages={1812--1813},
  year={1965},
  publisher={AIP}
}

@article{g65,
  title={Lower bounds for the Helmholtz function},
  author={Golden, Sidney},
  journal={Physical Review},
  volume={137},
  number={4B},
  pages={B1127},
  year={1965},
  publisher={APS}
}


@inproceedings{sv12,
  title={Multi-Robot, Multi-Patch Foraging with Maximum Sustainable Yield},
  author={Zhao Song and Richard T. Vaughan},
  booktitle={Artificial Life(ALIFE XIII), July 19--22, 2012, Michigan State University, East Lansing, Michigan, USA},
  year={2012}
}


@inproceedings{bks12b,
  title={Minmax Regret 1-Center on a Path/Cycle/Tree},
  author={Binay Bhattacharya and Tsunehiko Kameda and Zhao Song},
  booktitle={The Sixth International Conference on Advanced Engineering Computing and Applications in Sciences(ADVCOMP 2012), September 23-28, 2012 - Barcelona, Spain},
  year={2012}
}


@inproceedings{ssv12,
  title={MO-LOST: Adaptive ant trail untangling in multi-objective multi-colony robot foraging},
  author={Zhao Song and Seyed Abbas Sadat and Richard T. Vaughan},
  booktitle={Eleventh International Conference on Autonomous Agents and Multiagent Systems(AAMAS2012), June 4-8 2012, Universitat Politecnica de Valencia, Valencia, Spain.},
  year={2012}
}

@inproceedings{hse12,
  title={User Features and Social Networks for Topic Modelling in Online Social Media},
  author={Bo Hu and Zhao Song  and Martin Ester},
  booktitle={The 2012 IEEE/ACM International Conference on Advances in Social Networks Analysis and Mining, (ASONAM 2012), 26-29 August, 2012, Kadir Has University, Istanbul, Turkey.},
  year={2012}
}

@inproceedings{bks12a,
  title={Computing Minmax Regret 1-Median on a Tree Network with Positive/Negative Vertex Weights},
  author={Binay Bhattacharya and Tsunehiko Kameda and Zhao Song},
  booktitle={The 23rd International Symposium on Algorithms and Computation (ISAAC 2012), December 19-21, 2012 National Taiwan University, Taipei, Taiwan},
  year={2012}
}

@inproceedings{sv13,
  title={Sustainable robot foraging: Adaptive fine-grained multi-robot task allocation for maximum sustainable yield of biological resources},
  author={Zhao Song and Richard T. Vaughan},
  booktitle={IROS},
  pages={3309--3316},
  year={2013}
}

@inproceedings{bks14b,
  title={Improved Minmax Regret 1-Center Algorithms for Cactus Networks with c Cycles},
  author={Binay Bhattacharya and Tsunehiko Kameda and Zhao Song},
  booktitle={LATIN},
  pages={330--341},
  year={2014}
}





@inproceedings{bdkrss14,
  title={Back-Up 2-Center on a Path/Tree/Cycle/Unicycle},
  author={Binay K. Bhattacharya and Minati De and Tsunehiko Kameda and Sasanka Roy and Vladyslav Sokol and Zhao Song},
  booktitle={COCOON},
  pages={417--428},
  year={2014}
}

@inproceedings{bdkrs14,
  title={Optimizing Squares Covering a Set of Points},
  author={Binay K. Bhattacharya and Sandip Das and Tsunehiko Kameda and Priya Ranjan Sinha Mahapatra and Zhao Song},
  booktitle={COCOA},
  pages={37--52},
  year={2014}
}


@inproceedings{bks14a,
  title={A Linear Time Algorithm for Computing Minmax Regret 1-Median on a Tree Network},
  author={Binay Bhattacharya and Tsunehiko Kameda and Zhao Song},
  booktitle={Algorithmica},
  pages={70(1): 2--21},
  year={2014}
}


@inproceedings{bks15,
  title={Minmax regret 1-center algorithms for path/tree/unicycle/cactus networks},
  author={Binay Bhattacharya and Tsunehiko Kameda and Zhao Song},
  booktitle={Discrete Applied Mathematics},
  pages={195: 18--30},
  year={2015}
}

@inproceedings{bbdks16,
  title={The p-Center Problem in Tree Networks Revisited},
  author={Aritra Banik and Binay K. Bhattacharya and Sandip Das and Tsunehiko Kameda and Zhao Song},
  booktitle={SWAT},
  pages={6:1--6:15},
  year={2016}
}


@inproceedings{lss18,
  title={Approximate Policy Iteration via Frank-Wolf and No Internal Regret Minimization},
  author={Yibo Lin and Zhao Song and Wen Sun},
  booktitle={To Submit to ICML},
  year={2018}
}

@inproceedings{zs16,
  title={Maximum Sustainable Yield Problem for Robot Foraging and Construction System},
  author={Ruohan Zhang and Zhao Song},
  booktitle={IJCAI},
  pages ={2725--2731},
  year={2016}
}

@inproceedings{ss14,
  title={Probabilistic recharging model in uncertain environments},
  author={Zhao Song and Wen Sun},
  booktitle={AAMAS},
  pages ={1343--1344},
  year={2014}
}

@inproceedings{zsb15,
  title={Global Policy Construction in Modular Reinforcement Learning},
  author={Ruohan Zhang and Zhao Song and Dana H. Ballard},
  booktitle={AAAI},
  pages ={4226--4277},
  year={2015}
}

@inproceedings{lpsy18,
  title={Stochastic Multi-armed Bandits in Constant Space},
  author={David Liau and Eric Price and Zhao Song and Ger Yang},
  booktitle={AISTATS},
  year={2018}
}

@inproceedings{wlysoc15,
  title={Novel Power Grid Reduction Method based on L1 Regularization},
  author={Ye Wang and Meng Li and Xinyang Yi and Zhao Song and Michael Orshansky and Constantine Caramanis},
  booktitle={DAC},
  year={2015}
}

@inproceedings{dgrs15,
  title={Batch codes through dense graphs without short cycles},
  author={Dimakis, Alexandros G and G{\'a}l, Anna and Rawat, Ankit Singh and Song, Zhao},
  booktitle={ISIT},
  year={2015}
}

@article{wx06,
  title={Retraction of Wigderson-Xiao : A randomness-efficient sampler for matrix valued functions},
  author={Avi Wigderson and David Xiao},
  journal={eccc tr05-107},
  year={06}
}

@article{blswz19,
  title={Non-Convex Matrix Completion and Related Problems via Strong
Duality},
  author={Maria-Florina Balcan and Yingyu Liang and Zhao Song and David P. Woodruff and Hongyang Zhang},
  journal={JMLR},
  year={2019}
}


@article{nsw18,
  title={Low-Space Sparse Recovery Tasks with Optimized Update and Decoding Time},
  author={Vasileios Nakos and Zhao Song and Zhengyu Wang},
  journal={Manuscript},
  year={2018}
}

@article{syz18,
  title={Efficient k-Clustering Coreset for Dynamic Point Streams},
  author={Zhao Song and Lin F. Yang and Peilin Zhong},
  journal={Submitted to STOC},
  year={2018}
}

@article{zsjd18,
  title={Nonlinear Inductive Matrix Completion},
  author={Kai Zhong and Zhao Song and Prateek Jain and Inderjit S. Dhillon},
  journal={Manuscript},
  year={2018}
}

@article{zsd17,
  title={Learning Non-overlapping Convolutional Neural Networks with Multiple Kernels},
  author={Kai Zhong and Zhao Song and Inderjit S. Dhillon},
  journal={arXiv preprint arXiv:1711.03440},
  year={2017}
}


@inproceedings{dssw18,
  title={Sketching for Kronecker Product Regression and P-splines},
  author={Huaian  Diao and Zhao Song and Wen Sun and David P. Woodruff},
  booktitle={AISTATS},
  publisher = {\url{https://arxiv.org/pdf/1712.09473}},
  year={2018}
}

@article{syz17,
  title={Fast Linear Regression with Symmetric Norm},
  author={Zhao Song and Lin F. Yang and Peilin Zhong},
  journal={Manuscript},
  year={2017}
}

@article{sxz17,
  title={Entrywise $\ell_1$-Norm Low Rank Approximation with $\ell_1$ Regularization},
  author={Zhao Song and Chang Xiao and Peilin Zhong},
  journal={Manuscript},
  year={2017}
}

@inproceedings{glss18,
  title={A Matrix Expander Chernoff Bound},
  author={Garg, Ankit and Lee, Yin-Tat and Song, Zhao and Srivastava, Nikhil},
  booktitle={STOC},
  publisher={\url{https://arxiv.org/pdf/1704.03864}},
  year={2018}
}

@inproceedings{ckps16,
  title={Fourier-sparse interpolation without a frequency gap},
  author={Chen, Xue and Kane, Daniel M and Price, Eric and Song, Zhao},
  booktitle={FOCS},
  publisher = {\url{https://arxiv.org/pdf/1609.01361}},
  pages={741--750},
  year={2016}
}

@inproceedings{acw17,
  title={Sharper Bounds for Regularized Data Fitting},
  author={Avron, Haim and Clarkson, Kenneth L and Woodruff, David P},
  booktitle={RANDOM},
  publisher={\url{https://arxiv.org/pdf/1611.03225.pdf}},
  year={2017}
}

@book{gls12,
  title={Geometric algorithms and combinatorial optimization},
  author={Gr{\"o}tschel, Martin and Lov{\'a}sz, L{\'a}szl{\'o} and Schrijver, Alexander},
  volume={2},
  year={2012},
  publisher={Springer Science \& Business Media}
}

@article{b97,
  title={An elementary introduction to modern convex geometry},
  author={Ball, Keith},
  journal={Flavors of geometry},
  volume={31},
  pages={1--58},
  year={1997}
}


@book{l86,
  title={An algorithmic theory of numbers, graphs and convexity},
  author={Lov{\'a}sz, L{\'a}szl{\'o}},
  year={1986},
  publisher={SIAM}
}

@inproceedings{hklm16,
  title={Online learning with low rank experts},
  author={Hazan, Elad and Koren, Tomer and Livni, Roi and Mansour, Yishay},
  booktitle={Conference on Learning Theory},
  pages={1096--1114},
  year={2016}
}

@book{bv04,
  title={Convex optimization},
  author={Boyd, Stephen and Vandenberghe, Lieven},
  year={2004},
  publisher={Cambridge university press}
}

@article{d47,
  title={Polygons circumscribed about closed convex curves},
  author={Day, Mahlon M},
  journal={Transactions of the American Mathematical Society},
  volume={62},
  number={2},
  pages={315--319},
  year={1947},
  publisher={JSTOR}
}

@article{t47,
  title={A geometric theorem and its application to biorthogonal systems},
  author={Taylor, Angus E},
  journal={Bulletin of the American Mathematical Society},
  volume={53},
  number={6},
  pages={614--616},
  year={1947}
}

@inproceedings{krs15,
  title={Fast, provable algorithms for isotonic regression in all l\_p-norms},
  author={Kyng, Rasmus and Rao, Anup and Sachdeva, Sushant},
  booktitle={Advances in Neural Information Processing Systems},
  pages={2719--2727},
  year={2015}
}

@inproceedings{mps14,
  title={Spectral k-support norm regularization},
  author={McDonald, Andrew M and Pontil, Massimiliano and Stamos, Dimitris},
  booktitle={Advances in Neural Information Processing Systems},
  pages={3644--3652},
  year={2014}
}

@book{milman2009asymptotic,
  title={Asymptotic theory of finite dimensional normed spaces: Isoperimetric inequalities in riemannian manifolds},
  author={Milman, Vitali D and Schechtman, Gideon},
  volume={1200},
  year={2009},
  publisher={Springer}
}

@article{kw16,
  title={A unified framework for linear dimensionality reduction in L1},
  author={Krahmer, Felix and Ward, Rachel},
  journal={Results in Mathematics},
  volume={70},
  number={1-2},
  pages={209--231},
  year={2016},
  publisher={Springer}
}

@article{dms93,
  title={The distribution of vector-valued Rademacher series},
  author={Dilworth, Stephen J and Montgomery-Smith, Stephen J},
  journal={The Annals of Probability},
  pages={2046--2052},
  year={1993},
  publisher={JSTOR}
}

@inproceedings{afs12,
  title={Sparse Prediction with the $ k $-Support Norm},
  author={Argyriou, Andreas and Foygel, Rina and Srebro, Nathan},
  booktitle={Advances in Neural Information Processing Systems (NIPS)},
  pages={1457--1465},
  year={2012}
}

@inproceedings{dmm06c,
  title={Sampling algorithms for $\ell_2$ regression and applications},
  author={Drineas, Petros and Mahoney, Michael W and Muthukrishnan, S},
  booktitle={Proceedings of the seventeenth annual ACM-SIAM symposium on Discrete algorithm},
  pages={1127--1136},
  year={2006},
  organization={Society for Industrial and Applied Mathematics}
}


@inproceedings{ldfu13,
  title={Faster ridge regression via the subsampled randomized hadamard transform},
  author={Lu, Yichao and Dhillon, Paramveer and Foster, Dean P and Ungar, Lyle},
  booktitle={Advances in neural information processing systems},
  pages={369--377},
  year={2013}
}


@article{dkm06c,
  title={Fast Monte Carlo algorithms for matrices III: Computing a compressed approximate matrix decomposition},
  author={Drineas, Petros and Kannan, Ravi and Mahoney, Michael W},
  journal={SIAM Journal on Computing},
  volume={36},
  number={1},
  pages={184--206},
  year={2006},
  publisher={SIAM}
}

@article{dkm06b,
  title={Fast Monte Carlo algorithms for matrices II: Computing a low-rank approximation to a matrix},
  author={Drineas, Petros and Kannan, Ravi and Mahoney, Michael W},
  journal={SIAM Journal on computing},
  volume={36},
  number={1},
  pages={158--183},
  year={2006},
  publisher={SIAM}
}

@article{dkm06a,
  title={Fast Monte Carlo algorithms for matrices I: Approximating matrix multiplication},
  author={Drineas, Petros and Kannan, Ravi and Mahoney, Michael W},
  journal={SIAM Journal on Computing},
  volume={36},
  number={1},
  pages={132--157},
  year={2006},
  publisher={SIAM}
}

@article{jl84,
  title={Extensions of Lipschitz mappings into a Hilbert space},
  author={Johnson, William B and Lindenstrauss, Joram},
  journal={Contemporary mathematics},
  volume={26},
  number={189-206},
  pages={1},
  year={1984}
}

@inproceedings{dks10,
  title={A sparse johnson: Lindenstrauss transform},
  author={Dasgupta, Anirban and Kumar, Ravi and Sarl{\'o}s, Tam{\'a}s},
  booktitle={Proceedings of the forty-second ACM symposium on Theory of computing (STOC)},
  pages={341--350},
  year={2010},
  organization={ACM}
}

@inproceedings{ac06,
  title={Approximate nearest neighbors and the fast Johnson-Lindenstrauss transform},
  author={Ailon, Nir and Chazelle, Bernard},
  booktitle={Proceedings of the thirty-eighth annual ACM symposium on Theory of computing (STOC)},
  pages={557--563},
  year={2006},
  organization={ACM}
}

@article{al13,
  title={An almost optimal unrestricted fast Johnson-Lindenstrauss transform},
  author={Ailon, Nir and Liberty, Edo},
  journal={ACM Transactions on Algorithms (TALG)},
  volume={9},
  number={3},
  pages={21},
  year={2013},
  publisher={ACM}
}

@inproceedings{swz19,
  title={Relative Error Tensor Low Rank Approximation},
  author={Song, Zhao and Woodruff, David P and Zhong, Peilin},
  booktitle = {SODA},
  publisher={\url{https://arxiv.org/pdf/1704.08246}},
  year={2019}
}


@inproceedings{stack16,
  title ={http://math.stackexchange.com/questions/1801654/hypergraph-2-colorability-is-np-complete},
  author = {Francois G. Dorais},
  booktitle = {math.stackexchange},
  year = {2016}
}

%%% application that study tucker rank

@article{gg11,
  title={Low-rank matrix approximation with weights or missing data is NP-hard},
  author={Gillis, Nicolas and Glineur, Fran{\c{c}}ois},
  journal={SIAM Journal on Matrix Analysis and Applications},
  volume={32},
  number={4},
  pages={1149--1165},
  year={2011},
  publisher={SIAM}
}


@inproceedings{mh09,
  title={Sparse coding and automatic relevance determination for multi-way models},
  author={M{\o}rup, Morten and Hansen, Lars Kai},
  booktitle={SPARS'09-Signal Processing with Adaptive Sparse Structured Representations},
  year={2009}
}

@inproceedings{zw13,
  title={Tensor dictionary learning with sparse tucker decomposition},
  author={Zubair, Syed and Wang, Wenwu},
  booktitle={Digital Signal Processing (DSP), 2013 18th International Conference on},
  pages={1--6},
  year={2013},
  organization={IEEE}
}

@inproceedings{kc07,
  title={Nonnegative tucker decomposition},
  author={Kim, Yong-Deok and Choi, Seungjin},
  booktitle={IEEE Conference on Computer Vision and Pattern Recognition (CVPR).},
  pages={1--8},
  year={2007},
  organization={IEEE}
}

@article{pc08,
  title={Fast and efficient algorithms for nonnegative Tucker decomposition},
  author={Phan, Anh and Cichocki, Andrzej},
  journal={Advances in Neural Networks-ISNN 2008},
  pages={772--782},
  year={2008},
  publisher={Springer}
}

@inproceedings{yc14,
  title={Multilinear tensor rank estimation via Sparse Tucker Decomposition},
  author={Yokota, Tatsuya and Cichocki, Andrzej},
  booktitle={Soft Computing and Intelligent Systems (SCIS), 2014 Joint 7th International Conference on and Advanced Intelligent Systems (ISIS), 15th International Symposium on},
  pages={478--483},
  year={2014},
  organization={IEEE}
}


%%% very recent work, face/slice based on CUR

@inproceedings{tm17,
  title={Fast Monte Carlo Algorithms for Tensor Operations},
  author={Davoud Ataee Tarzanagh and George Michailidis},
  booktitle={arXiv preprint},
  publisher={\url{https://arxiv.org/pdf/1704.04362}},
  year={2017}
}

%%% train rank application

@article{zwz16,
  title={Subspace Methods with Local Refinements for Eigenvalue Computation Using Low-Rank Tensor-Train Format},
  author={Zhang, Junyu and Wen, Zaiwen and Zhang, Yin},
  journal={Journal of Scientific Computing},
  pages={1--22},
  year={2016},
  publisher={Springer}
}

@inproceedings{ptbd16,
  title={Efficient tensor completion: Low-rank tensor train},
  author={Phien, Ho N and Tuan, Hoang D and Bengua, Johann A and Do, Minh N},
  booktitle={arXiv preprint},
  publisher = {\url{https://arxiv.org/pdf/1601.01083}},
  year={2016}
}
%%% tensor for programming language

@inproceedings{rtp16,
  title={Newtonian program analysis via tensor product},
  author={Reps, Thomas and Turetsky, Emma and Prabhu, Prathmesh},
  booktitle={Proceedings of the 43rd Annual ACM SIGPLAN-SIGACT Symposium on Principles of Programming Languages(POPL)},
  volume={51:1},
  pages={663--677},
  year={2016},
  organization={ACM}
}

%%% lp work

@inproceedings{ycrm16,
  title={Weighted SGD for $\ell_p$ regression with randomized preconditioning},
  author={Yang, Jiyan and Chow, Yin-Lam and R{\'e}, Christopher and Mahoney, Michael W},
  booktitle={Proceedings of the Twenty-Seventh Annual ACM-SIAM Symposium on Discrete Algorithms (SODA)},
  pages={558--569},
  year={2016},
  publisher ={\url{https://arxiv.org/pdf/1502.03571}},
  organization={Society for Industrial and Applied Mathematics}
}

%%%% New Count-Sketch, streaming papers
@inproceedings{bciw16,
  title={Beating countsketch for heavy hitters in insertion streams},
  author={Braverman, Vladimir and Chestnut, Stephen R and Ivkin, Nikita and Woodruff, David P},
  publisher={\url{https://arxiv.org/pdf/1511.00661}},
  booktitle={STOC},
  year={2016}
}

@inproceedings{bcinww16,
  title={BPTree: an $\ell_2$ heavy hitters algorithm using constant memory},
  author={Braverman, Vladimir and Chestnut, Stephen R and Ivkin, Nikita and Nelson, Jelani and Wang, Zhengyu and Woodruff, David P},
  booktitle={Proceedings of the 35th ACM SIGMOD-SIGACT-SIGAI Symposium on Principles of Database Systems (PODS)},
   publisher={\url{https://arxiv.org/pdf/1603.00759}},
  year={2016}
}
%url={arXiv preprint arXiv:1603.00759 ,\url{hahah}},

@inproceedings{lnnt16,
  title={Heavy hitters via cluster-preserving clustering},
  author={Larsen, Kasper Green and Nelson, Jelani and Nguyen, Huy L and Thorup, Mikkel},
  booktitle={Foundations of Computer Science (FOCS), 2016 IEEE 57th Annual Symposium on},
  pages={61--70},
  year={2016},
  publisher = {\url{https://arxiv.org/pdf/1604.01357}},
  organization={IEEE}
}

@article{w16,
  title={New Algorithms for Heavy Hitters in Data Streams},
  author={Woodruff, David P},
  booktitle={ICDT (invited paper)},
  journal={arXiv preprint arXiv:1603.01733},
  year={2016}
}

%%%% tensor for security

@inproceedings{acky05,
  title={Modeling and multiway analysis of chatroom tensors},
  author={Acar, Evrim and {\c{C}}amtepe, Seyit A and Krishnamoorthy, Mukkai S and Yener, B{\"u}lent},
  booktitle={International Conference on Intelligence and Security Informatics},
  pages={256--268},
  year={2005},
  organization={Springer}
}

@inproceedings{acy06,
  title={Collective sampling and analysis of high order tensors for chatroom communications},
  author={Acar, Evrim and Camtepe, Seyit A and Yener, B{\"u}lent},
  booktitle={International Conference on Intelligence and Security Informatics},
  pages={213--224},
  year={2006},
  organization={Springer}
}

@inproceedings{kb06,
  title={The TOPHITS model for higher-order web link analysis},
  author={Kolda, Tamara and Bader, Brett},
  booktitle={Workshop on link analysis, counterterrorism and security},
  volume={7},
  pages={26--29},
  year={2006}
}


%%%% tensor for hidden Markov model
@inproceedings{mr05,
  title={Learning nonsingular phylogenies and hidden Markov models},
  author={Mossel, Elchanan and Roch, S{\'e}bastien},
  booktitle={Proceedings of the thirty-seventh annual ACM symposium on Theory of computing (STOC)},
  pages={366--375},
  year={2005},
  publisher ={\url{https://arxiv.org/pdf/cs/0502076}},
  organization={ACM}
}

%%%% tensor for cryptography

@article{shwpjj16,
  title={Key Exchange Protocol Based on Tensor Decomposition Problem},
  author={Shaowu, Mao and Huanguo, Zhang and Wanqing, Wu and Pei, Zhang and Jun, Song and Jinhui, Liu},
  journal={China Communications},
  volume={13},
  number={3},
  pages={174--183},
  year={2016},
  publisher={IEEE}
}

@article{kyfd15,
  title={Secure tensor decomposition using fully homomorphic encryption scheme},
  author={Kuang, Liwei and Yang, Laurence and Feng, Jun and Dong, Mianxiong},
  journal={IEEE Transactions on Cloud Computing},
  year={2015},
  publisher={IEEE}
}

@article{fs99,
  title={Tensor-based trapdoors for CVP and their application to public key cryptography},
  author={Fischlin, Roger and Seifert, Jean-Pierre},
  journal={Cryptography and Coding},
  pages={801--801},
  year={1999},
  publisher={Springer}
}

@inproceedings{s12,
  title={Cryptography from tensor problems.},
  author={Schulman, Leonard J},
  booktitle={IACR Cryptology ePrint Archive},
  volume={2012},
  pages={244},
  year={2012},
  publisher={\url{https://eprint.iacr.org/2012/244}}
}

%%%% tensor for learning neural networks

@inproceedings{jsa15,
  title={Beating the perils of non-convexity: Guaranteed training of neural networks using tensor methods},
  author = {Janzamin, Majid and Sedghi, Hanie and Anandkumar, Anima},
  publisher = {\url{https://arxiv.org/pdf/1506.08473}},
  booktitle = {arXiv preprint},
  year={2015}
}

@inproceedings{agmr17,
  title={Provable learning of Noisy-or Networks},
  author={Arora, Sanjeev and Ge, Rong and Ma, Tengyu and Risteski, Andrej},
  publisher={\url{https://arxiv.org/pdf/1612.08795}},
  booktitle={Proceedings of the 49th Annual Symposium on the Theory of Computing (STOC)},
  organization={ACM},
  year={2016}
}

@inproceedings{zsjbd17,
  title={Recovery Guarantees for One-hidden-layer Neural Networks},
  author={Kai Zhong and Zhao Song and Prateek Jain and Peter L. Bartlett and Inderjit S. Dhillon},
  booktitle={ICML},
  publisher = {\url{https://arxiv.org/pdf/1706.03175}},
  year={2017}
}

%%% distributed

@article{cbc15,
  title={Communication Efficient Distributed Agnostic Boosting},
  author={Chen, Shang-Tse and Balcan, Maria-Florina and Chau, Duen Horng},
  journal={arXiv preprint arXiv:1506.06318},
  year={2015}
}

@inproceedings{blgbs15,
  title={A Distributed Frank-Wolfe Algorithm for Communication-Efficient Sparse Learning},
  author={Bellet, Aur{\'e}lien and Liang, Yingyu and Garakani, Alireza Bagheri and Balcan, Maria-Florina and Sha, Fei},
  booktitle={Proceedings of the 2015 SIAM International Conference on Data Mining (ICDM)},
  pages={478--486},
  year={2015},
  publisher ={\url{https://arxiv.org/pdf/1404.2644}},
  organization={SIAM}
}

@inproceedings{blswx16,
  title={Communication Efficient Distributed Kernel Principal Component Analysis},
  author={Balcan, Maria-Florina and Liang, Yingyu and Song, Le and Woodruff, David and Xie, Bo},
  booktitle={Proceedings of the 22nd ACM SIGKDD International Conference on Knowledge Discovery and Data Mining (KDD)},
  pages={725--734},
  year={2016},
  publisher ={\url{https://arxiv.org/pdf/1503.06858}},
  organization={ACM}
}

@inproceedings{abw17,
  title={General and Robust Communication-Efficient Algorithms for Distributed Clustering},
  author={Awasthi, Pranjal and Balcan, Maria-Florina and White, Colin},
  booktitle={arXiv preprint},
  publisher = {\url{https://arxiv.org/pdf/1703.00830}},
  year={2017}
}

%%% lp norm related problems

@inproceedings{aarw17,
  title={Approximate near neighbors for general symmetric norms},
  author={Andoni, Alexandr and Nikolov, Aleksandar and Razenshteyn, Ilya and Waingarten, Erik},
  booktitle={Proceedings of the 49th Annual Symposium on the Theory of Computing(STOC)},
  organization={ACM},
  journal={\url{https://arxiv.org/pdf/1611.06222} },
  year={2017}
}


@inproceedings{bbcky17,
  title={Streaming Symmetric Norms via Measure Concentration},
  author={Blasiok, Jaroslaw and Braverman, Vladimir and Chestnut, Stephen R and Krauthgamer, Robert and Yang, Lin F},
  booktitle={Proceedings of the 49th Annual Symposium on the Theory of Computing(STOC)},
  organization={ACM},
  publisher = {\url{https://arxiv.org/pdf/1511.01111}},
  year={2017}
}

@inproceedings{bcky16,
  title={Sketches for Matrix Norms: Faster, Smaller and More General},
  author={Braverman, Vladimir and Chestnut, Stephen R and Krauthgamer, Robert and Yang, Lin F},
  booktitle = {arXiv preprint},
  publisher= {\url{https://arxiv.org/pdf/1609.05885}},
  year={2016}
}

%%%% distributed

@inproceedings{bblm14,
  title={Distributed balanced clustering via mapping coresets},
  author={Bateni, MohammadHossein and Bhaskara, Aditya and Lattanzi, Silvio and Mirrokni, Vahab},
  booktitle={Advances in Neural Information Processing Systems (NIPS)},
  pages={2591--2599},
  year={2014}
}

%%%% tensor for latent variables

@inproceedings{bcv14,
  title={Uniqueness of Tensor Decompositions with Applications to Polynomial Identifiability.},
  author={Bhaskara, Aditya and Charikar, Moses and Vijayaraghavan, Aravindan},
  booktitle={27th Annual Conference on Learning Theory (COLT)},
  pages={742--778},
  publisher = {\url{https://arxiv.org/pdf/1304.8087}},
  year={2014}
}

%%%% tensor for smoothed analysis

@inproceedings{bcmv14,
  title={Smoothed analysis of tensor decompositions},
  author={Bhaskara, Aditya and Charikar, Moses and Moitra, Ankur and Vijayaraghavan, Aravindan},
  booktitle={Proceedings of the 46th Annual ACM Symposium on Theory of Computing},
  pages={594--603},
  year={2014},
  publisher = {\url{https://arxiv.org/pdf/1311.3651}},
  organization={ACM}
}

%%%% column subset selection

@inproceedings{ws15,
  title={Column Subset Selection with Missing Data via Active Sampling.},
  author={Wang, Yining and Singh, Aarti},
  booktitle={The 18th International Conference on Artificial Intelligence and Statistics (AISTATS)},
  pages={1033--1041},
  year={2015}
}

@inproceedings{abf16,
  title={Greedy Column Subset Selection: New Bounds and Distributed Algorithms},
  author={Altschuler, Jason and Bhaskara, Aditya and Fu, Gang and Mirrokni, Vahab and Rostamizadeh, Afshin and Zadimoghaddam, Morteza},
  booktitle ={International Conference on Machine Learning (ICML)},
  publisher={\url{https://arxiv.org/pdf/1605.08795}},
  year={2016}
}

%%%%Dvoredsky's theorem

@inproceedings{d61,
  title={Some results on convex bodies and Banach spaces},
  author={Dvoredsky, AP},
  booktitle ={Proc. Internat. Sympos. Linear Spaces (Jerusalem, 1960)},
  pages = {123--160},
  journal = {Jerusalem: Jerusalem Academic Press},
  year={1961}
}

@article{ste08,
  title={Low-Rank Approximation of Generic p $\times$ q $\times$ 2 Arrays and Diverging Components in the Candecomp/Parafac Model},
  author={Stegeman, Alwin},
  journal={SIAM Journal on Matrix Analysis and Applications},
  volume={30},
  number={3},
  pages={988--1007},
  year={2008},
  publisher={SIAM}
}

@article{ste06,
  title={Degeneracy in Candecomp/Parafac explained for p $\times$ p $\times$ 2 arrays of rank p+1 or higher},
  author={Stegeman, Alwin},
  journal={Psychometrika},
  volume={71},
  number={3},
  pages={483--501},
  year={2006},
  publisher={Springer}
}

@article{p00,
  title={Construction and analysis of degenerate PARAFAC models},
  author={Paatero, Pentti},
  journal={Journal of chemometrics},
  volume={14},
  number={3},
  pages={285--299},
  year={2000},
  publisher={Wiley Online Library}
}

@article{khl89,
  title={How 3-MFA data can cause degenerate PARAFAC solutions, among other relationships},
  author={Kruskal, JB and Harshman, RA and Lundy, ME},
  journal={Multiway data analysis},
  pages={115--121},
  year={1989},
  publisher={North-Holland Publishing Co}
}

 @article{kds08,
  title={On the non-existence of optimal solutions and the occurrence of ``degeneracy'' in the Candecomp/Parafac model},
  author={Krijnen, Wim P and Dijkstra, Theo K and Stegeman, Alwin},
  journal={Psychometrika},
  volume={73},
  number={3},
  pages={431--439},
  year={2008},
  publisher={Springer}
}


%%%% Tensor, algebraic geometers

@inproceedings{l06,
  title={The border rank of the multiplication of 2$\times$ 2 matrices is seven},
  author={Landsberg, J},
  booktitle={Journal of the American Mathematical Society},
  volume={19(2)},
  pages={447--459},
  year={2006}
}

@misc{k98,
  title={The Art of Computer Programming, Vol. 2 : seminumerical algorithms},
  author={Donald E. Knuth},
  year={1998},
  publisher={Addison-Wesley, Reading, MA}
}

@book{bcs97,
  title={Algebraic complexity theory},
  author={B{\"u}rgisser, Peter and Clausen, Michael and Shokrollahi, Amin},
  volume={315},
  year={1997},
  publisher={Springer Science \& Business Media}
}

@article{b80,
  title={Border rank of a p $\times$ q $\times$ 2 tensor and the optimal approximation of a pair of bilinear forms},
  author={Bini, Dario},
  journal={Automata, languages and programming},
  pages={98--108},
  year={1980},
  publisher={Springer}
}

@article{b86,
  title={Border rank of m $\times$ n $\times$ (mn-q) tensors},
  author={Bini, Dario},
  journal={Linear Algebra and Its Applications},
  volume={79},
  pages={45--51},
  year={1986},
  publisher={Elsevier}
}

@book{l12,
  title={Tensors: geometry and applications},
  author={Landsberg, Joseph M},
  volume={128},
  year={2012},
  publisher={American Mathematical Society Providence, RI, USA., \url{http://www.math.tamu.edu/~joseph.landsberg/Tbookintro.pdf} }
}


%%%% BPP = P stuff

@inproceedings{iw97,
  title={P= {BPP} if {E} requires exponential circuits: Derandomizing the {XOR} lemma},
  author={Impagliazzo, Russell and Wigderson, Avi},
  booktitle={Proceedings of the twenty-ninth annual ACM symposium on Theory of computing (STOC)},
  pages={220--229},
  year={1997},
  organization={ACM}
}

%%%% tensor for ranking models
@inproceedings{absv14,
  author={Pranjal Awasthi and Avrim Blum and Or Sheffet and Aravindan Vijayaraghavan},
  title={Learning Mixtures of Ranking Models},
  booktitle = {Advances in Neural Information Processing Systems (NIPS)},
  publisher = {\url{https://arxiv.org/pdf/1410.8750}},
  year = {2014}
}


%%%% tensor for other applications,

@inproceedings{rnss16,
  title={The Search Problem in Mixture Models},
  author={Ray, Avik and Neeman, Joe and Sanghavi, Sujay and Shakkottai, Sanjay},
  booktitle={arXiv preprint},
  publisher = {\url{https://arxiv.org/pdf/1610.00843}},
  year={2016}
}

@inproceedings{os14,
  title={Learning mixed multinomial logit model from ordinal data},
  author={Oh, Sewoong and Shah, Devavrat},
  booktitle={Advances in Neural Information Processing Systems (NIPS)},
  pages={595--603},
  publisher ={\url{https://arxiv.org/pdf/1411.0073}},
  year={2014}
}

@inproceedings{zczj14,
  title={Spectral methods meet EM: A provably optimal algorithm for crowdsourcing},
  author={Zhang, Yuchen and Chen, Xi and Zhou, Denny and Jordan, Michael I},
  booktitle={Advances in Neural Information Processing Systems (NIPS)},
  publisher = {\url{https://arxiv.org/pdf/1406.3824}},
  pages={1260--1268},
  year={2014}
}

@inproceedings{ycs16,
  title={Solving a mixture of many random linear equations by tensor decomposition and alternating minimization},
  author={Yi, Xinyang and Caramanis, Constantine and Sanghavi, Sujay},
  booktitle = {arXiv preprint},
  publisher={\url{https://arxiv.org/pdf/1608.05749}},
  year={2016}
}
%journal={arXiv preprint arXiv:1608.05749},

%%%% tensor for multi-arm bandit

@inproceedings{galb13,
  title={Sequential transfer in multi-armed bandit with finite set of models},
  author={Mohammad Gheshlaghi Azar and Lazaric, Alessandro and Brunskill, Emma},
  booktitle={Advances in Neural Information Processing Systems(NIPS)},
  pages={2220--2228},
  publisher ={\url{https://arxiv.org/pdf/1307.6887}},
  year={2013}
}


%%%% tensor for computational biology

@article{cv15,
  title={FastMotif: spectral sequence motif discovery},
  author={Colombo, Nicol{\'o} and Vlassis, Nikos},
  journal={Bioinformatics},
  pages={2623--2631},
  year={2015},
  publisher={Oxford Univ Press}
}

@article{sc15,
  title={Spectacle: fast chromatin state annotation using spectral learning},
  author={Song, Jimin and Chen, Kevin C},
  journal={Genome biology},
  volume={16},
  number={1},
  pages={33},
  year={2015},
  publisher={BioMed Central}
}

%%%% tensor for weighted


@article{tk11,
  title={Weight adjusted tensor method for blind separation of underdetermined mixtures of nonstationary sources},
  author={Tichavsky, Petr and Koldovsky, Zbyn{\v{e}}k},
  journal={IEEE Transactions on Signal Processing},
  volume={59},
  number={3},
  pages={1037--1047},
  year={2011},
  publisher={IEEE}
}

@article{p97,
  title={A weighted non-negative least squares algorithm for three-way ``PARAFAC'' factor analysis},
  author={Paatero, Pentti},
  journal={Chemometrics and Intelligent Laboratory Systems},
  volume={38},
  number={2},
  pages={223--242},
  year={1997},
  publisher={Elsevier}
}

@inproceedings{lrhg13,
  title={Multi-relational learning using weighted tensor decomposition with modular loss},
  author={London, Ben and Rekatsinas, Theodoros and Huang, Bert and Getoor, Lise},
  booktitle ={arXiv preprint},
  publisher={\url{https://arxiv.org/abs/1303.1733}},
  year={2013}
}

%%%% tensor for cur,

@incollection{ft15,
  title={Low-rank approximation of tensors},
  author={Friedland, Shmuel and Tammali, Venu},
  booktitle={Numerical Algebra, Matrix Theory, Differential-Algebraic Equations and Control Theory},
  pages={377--411},
  year={2015},
  publisher={Springer}
}

@article{fmmn11,
  title={Fast low rank approximations of matrices and tensors},
  author={Friedland, Shmuel and Mehrmann, V and Miedlar, A and Nkengla, M},
  journal={Electron. J. Linear Algebra},
  volume={22},
  number={10311048},
  pages={462},
  year={2011}
}

%%% the cur definition in this paper doesn't seem to be very correct.
@article{mmd08,
  title={Tensor-CUR decompositions for tensor-based data},
  author={Mahoney, Michael W and Maggioni, Mauro and Drineas, Petros},
  journal={SIAM Journal on Matrix Analysis and Applications},
  volume={30},
  number={3},
  pages={957--987},
  year={2008},
  publisher={SIAM}
}

%%% we use the ``tube'' definition from this paper.

@article{cc10,
  title={Generalizing the column--row matrix decomposition to multi-way arrays},
  author={Caiafa, Cesar F and Cichocki, Andrzej},
  journal={Linear Algebra and its Applications},
  volume={433},
  number={3},
  pages={557--573},
  year={2010},
  publisher={Elsevier}
}

@article{ost08,
  title={Tucker dimensionality reduction of three-dimensional arrays in linear time},
  author={Oseledets, Ivan V and Savostianov, DV and Tyrtyshnikov, Eugene E},
  journal={SIAM Journal on Matrix Analysis and Applications},
  volume={30},
  number={3},
  pages={939--956},
  year={2008},
  publisher={SIAM}
}

%%%% tensor for reinforcement learning

@inproceedings{ala16,
  title={Reinforcement learning of {POMDP}s using spectral methods},
  author={Azizzadenesheli, Kamyar and Lazaric, Alessandro and Anandkumar, Animashree},
  booktitle ={29th Annual Conference on Learning Theory (COLT)},
  pages = {193-256},
  publisher={\url{https://arxiv.org/pdf/1602.07764}},
  year={2016}
}

%%%% tensor for lda, learning distribution

@inproceedings{afhkl12,
  title={A spectral algorithm for latent dirichlet allocation},
  author={Anandkumar, Anima and Foster, Dean P and Hsu, Daniel J and Kakade, Sham M and Liu, Yi-Kai},
  booktitle={Advances in Neural Information Processing Systems(NIPS)},
  pages={917--925},
  publisher ={\url{https://arxiv.org/pdf/1204.6703}},
  year={2012}
}

@inproceedings{pbl15,
  title={Rethinking lda: moment matching for discrete ica},
  author={Podosinnikova, Anastasia and Bach, Francis and Lacoste-Julien, Simon},
  booktitle={Advances in Neural Information Processing Systems(NIPS)},
  pages={514--522},
  publisher ={\url{https://arxiv.org/pdf/1507.01784}},
  year={2015}
}

@inproceedings{jo14,
  title={Learning Mixtures of Discrete Product Distributions using Spectral Decompositions.},
  author={Jain, Prateek and Oh, Sewoong},
  booktitle={27th Annual Conference on Learning Theory (COLT)},
  pages={824--856},
  publisher ={\url{https://arxiv.org/pdf/1311.2972}},
  year={2014}
}

%%%% tensor for community detection

@inproceedings{aghk14,
  title={A tensor approach to learning mixed membership community models.},
  author={Anandkumar, Animashree and Ge, Rong and Hsu, Daniel J and Kakade, Sham M},
  booktitle={Journal of Machine Learning Research},
  volume={15(1)},
  pages={2239--2312},
  publisher = {\url{https://arxiv.org/pdf/1302.2684}},
  year={2014}
}

%%%% tensor for mixture of Gaussian

@inproceedings{ghk15,
  title={Learning mixtures of gaussians in high dimensions},
  author={Ge, Rong and Huang, Qingqing and Kakade, Sham M},
  booktitle={Proceedings of the Forty-Seventh Annual ACM on Symposium on Theory of Computing (STOC)},
  pages={761--770},
  year={2015},
  publisher ={\url{https://arxiv.org/pdf/1503.00424}},
  organization={ACM}
}

%%%% orthogonal tensor

@article{km11,
  title={Shifted power method for computing tensor eigenpairs},
  author={Kolda, Tamara G and Mayo, Jackson R},
  journal={SIAM Journal on Matrix Analysis and Applications},
  volume={32},
  number={4},
  pages={1095--1124},
  year={2011},
  publisher={SIAM}
}

%%%% border rank and divergence component 

@article{sl08,
  title={Tensor rank and the ill-posedness of the best low-rank approximation problem},
  author={De Silva, Vin and Lim, Lek-Heng},
  journal={SIAM Journal on Matrix Analysis and Applications},
  volume={30},
  number={3},
  pages={1084--1127},
  year={2008},
  publisher={SIAM}
}


%%%% Tensor application in natural language processing

@inproceedings{lzbj14,
  title={Low-rank tensors for scoring dependency structures},
  author={Lei, Tao and Zhang, Yuan and Barzilay, Regina and Jaakkola, Tommi},
  year={2014},
  booktitle={Association for Computational Linguistics(ACL), Best student paper award}
}

@inproceedings{lzmb15,
  title={High-order low-rank tensors for semantic role labeling},
  author={Lei, Tao and Zhang, Yuan and Moschitti, Alessandro and Barzilay, Regina },
  booktitle={In Proceedings of the 2015 Conference of the North America Chapter of the Association For Computational Linguistics--Human Language Technologies (NAACLHLT 2015},
  year={2015},
  organization={Citeseer}
}

@inproceedings{bnrv15,
  title={Matrix and Tensor Factorization Methods for Natural Language Processing.},
  author={Bouchard, Guillaume and Naradowsky, Jason and Riedel, Sebastian and Rockt{\"a}schel, Tim and Vlachos, Andreas},
  booktitle= {ACL (Tutorial Abstracts)},
  pages={16--18},
  year={2015}
}

@inproceedings{cyym14,
  title={Typed tensor decomposition of knowledge bases for relation extraction},
  author={Chang, Kai-Wei and Yih, Scott Wen-tau and Yang, Bishan and Meek, Chris},
  pages = {1568--1579},
  booktitle = { Empirical Methods in Natural Language Processing (EMNLP) },
  year={2014}
}

%%%% Tensor application in psychology

@book{k83,
  title={Three-mode principal component analysis: Theory and applications},
  author={Kroonenberg, Pieter M},
  volume={2},
  year={1983},
  publisher={DSWO press}
}

%%%% Tensor application in neuroscience

@article{clkgar15,
  title={Tensor decomposition of EEG signals: a brief review},
  author={Cong, Fengyu and Lin, Qiu-Hua and Kuang, Li-Dan and Gong, Xiao-Feng and Astikainen, Piia and Ristaniemi, Tapani},
  journal={Journal of neuroscience methods},
  volume={248},
  pages={59--69},
  year={2015},
  publisher={Elsevier}
}


%%%% Tensor application in graphics


@inproceedings{vt04,
  title={TensorTextures: Multilinear image-based rendering},
  author={Vasilescu, M Alex O and Terzopoulos, Demetri},
  booktitle={ACM Transactions on Graphics (TOG)},
  volume={23:3},
  pages={336--342},
  year={2004},
  organization={ACM}
}

@inproceedings{fkis02,
  title={Appearance Based Object Modeling using Texture Database: Acquisition Compression and Rendering.},
  author={Furukawa, Ryo and Kawasaki, Hiroshi and Ikeuchi, Katsushi and Sakauchi, Masao},
  booktitle={Rendering Techniques},
  pages={257--266},
  year={2002},
  organization={Citeseer}
}

@phdthesis{vas09,
  title={A multilinear (tensor) algebraic framework for computer graphics, computer vision, and machine learning},
  author={Vasilescu, M Alex O},
  year={2009},
  school={Citeseer}
}

@article{wwsya05,
  title={Out-of-core tensor approximation of multi-dimensional matrices of visual data},
  author={Wang, Hongcheng and Wu, Qing and Shi, Lin and Yu, Yizhou and Ahuja, Narendra},
  journal={ACM Transactions on Graphics (TOG)},
  volume={24},
  number={3},
  pages={527--535},
  year={2005},
  publisher={ACM}
}

%%%% Tensor application in signal processing

@phdthesis{w94,
  title={A tensor framework for multidimensional signal processing},
  author={Westin, Carl-Fredrik},
  year={1994},
  school={Link{\"o}ping University Electronic Press}
}

@inproceedings{dd98,
  title={From matrix to tensor: Multilinear algebra and signal processing},
  author={De Lathauwer, Lieven and De Moor, Bart},
  booktitle={Institute of Mathematics and Its Applications Conference Series},
  volume={67},
  pages={1--16},
  year={1998},
  organization={Citeseer}
}

@article{cmdz15,
  title={Tensor decompositions for signal processing applications: From two-way to multiway component analysis},
  author={Cichocki, Andrzej and Mandic, Danilo and De Lathauwer, Lieven and Zhou, Guoxu and Zhao, Qibin and Caiafa, Cesar and Phan, Huy Anh},
  journal={IEEE Signal Processing Magazine},
  volume={32},
  number={2},
  pages={145--163},
  year={2015},
  publisher={IEEE}
}

%%%% Tensor application in data-mining


@inproceedings{kabo10,
  title={Multiverse recommendation: n-dimensional tensor factorization for context-aware collaborative filtering},
  author={Karatzoglou, Alexandros and Amatriain, Xavier and Baltrunas, Linas and Oliver, Nuria},
  booktitle={Proceedings of the fourth ACM conference on Recommender systems},
  pages={79--86},
  year={2010},
  organization={ACM}
}

@inproceedings{rs10,
  title={Pairwise interaction tensor factorization for personalized tag recommendation},
  author={Rendle, Steffen and Schmidt-Thieme, Lars},
  booktitle={Proceedings of the third ACM international conference on Web search and data mining(WSDM)},
  pages={81--90},
  year={2010},
  organization={ACM}
}


@inproceedings{ks08,
  title={Scalable tensor decompositions for multi-aspect data mining},
  author={Kolda, Tamara G and Sun, Jimeng},
  booktitle={Eighth IEEE International Conference on Data Mining (ICDM)},
  pages={363--372},
  year={2008},
  organization={IEEE}
}

@article{m11,
  title={Applications of tensor (multiway array) factorizations and decompositions in data mining},
  author={M{\o}rup, Morten},
  journal={Wiley Interdisciplinary Reviews: Data Mining and Knowledge Discovery},
  volume={1},
  number={1},
  pages={24--40},
  year={2011},
  publisher={Wiley Online Library}
}

%%% Entry-wise ell-1, regularization

@inproceedings{ggh14,
  title={Robust tensor decomposition with gross corruption},
  author={Gu, Quanquan and Gui, Huan and Han, Jiawei},
  booktitle={Advances in Neural Information Processing Systems(NIPS)},
  pages={1422--1430},
  year={2014}
}

%%% M-estimator norms

@article{yfs16,
  title={Robust low-rank tensor recovery with regularized redescending M-estimator},
  author={Yang, Yuning and Feng, Yunlong and Suykens, Johan AK},
  journal={IEEE transactions on neural networks and learning systems},
  volume={27},
  number={9},
  pages={1933--1946},
  year={2016},
  publisher={IEEE}
}

%%% robust tensor pca

@article{gq14,
  title={Robust low-rank tensor recovery: Models and algorithms},
  author={Goldfarb, Donald and Qin, Zhiwei},
  journal={SIAM Journal on Matrix Analysis and Applications},
  volume={35},
  number={1},
  pages={225--253},
  year={2014},
  publisher={SIAM}
}
%%%% both computer vision and robust tensor pca.
@inproceedings{clz17,
  title={Iterative Block Tensor Singular Value Thresholding for Extraction of Low Rank Component of Image Data},
  author={Chen, Longxi and Liu, Yipeng and Zhu, Ce},
  booktitle={ICASSP 2017},
  journal={arXiv preprint arXiv:1701.04043},
  year={2017}
}

%%%Tensor application in computer vision



@inproceedings{wa03,
  title={Facial expression decomposition},
  author={Wang, Hongcheng and Narendra Ahuja},
  booktitle={Computer Vision, 2003. Proceedings. Ninth IEEE International Conference on},
  pages={958--965},
  year={2003},
  organization={IEEE}
}

@inproceedings{vt02,
  title={Multilinear analysis of image ensembles: Tensorfaces},
  author={Vasilescu, M Alex O and Terzopoulos, Demetri},
  booktitle={European Conference on Computer Vision},
  pages={447--460},
  year={2002},
  organization={Springer}
}

@article{ply10,
  title={Robust tensor analysis with L1-norm},
  author={Pang, Yanwei and Li, Xuelong and Yuan, Yuan},
  journal={IEEE Transactions on Circuits and Systems for Video Technology},
  volume={20},
  number={2},
  pages={172--178},
  year={2010},
  publisher={IEEE}
}

@inproceedings{hd08,
  title={Robust tensor factorization using R 1 norm},
  author={Huang, Heng and Ding, Chris},
  booktitle={IEEE Conference on Computer Vision and Pattern Recognition (CVPR) },
  pages={1--8},
  year={2008},
  organization={IEEE}
}

@book{adtl09,
  title={Tensors in image processing and computer vision},
  author={Santiago Aja-Fern{\'a}ndez and Rodrigo de Luis Garcia  and Dacheng Tao  and Xuelong Li},
  year={2009},
  publisher={Springer Science \& Business Media}
}

@inproceedings{hsa05,
  title={Sparse image coding using a 3D non-negative tensor factorization},
  author={Hazan, Tamir and Polak, Simon and Shashua, Amnon},
  booktitle={Tenth IEEE International Conference on Computer Vision(ICCV) },
  volume={1},
  pages={50--57},
  year={2005},
  organization={IEEE}
}

@inproceedings{sh05,
  title={Non-negative tensor factorization with applications to statistics and computer vision},
  author={Shashua, Amnon and Hazan, Tamir},
  booktitle={Proceedings of the 22nd international conference on Machine learning(ICML)},
  pages={792--799},
  year={2005},
  organization={ACM}
}

%%%
@inproceedings{hk13,
  title={Learning mixtures of spherical gaussians: moment methods and spectral decompositions},
  author={Hsu, Daniel and Kakade, Sham M},
  booktitle={Proceedings of the 4th conference on Innovations in Theoretical Computer Science(ITCS)},
  pages={11--20},
  year={2013},
  publisher ={\url{https://arxiv.org/pdf/1206.5766}},
  organization={ACM}
}

%%%PCA for tensor

@inproceedings{a12b,
  title={Sparse Higher-Order Principal Components Analysis.},
  author={Allen, Genevera},
  booktitle={AISTATS},
  volume={15},
  year={2012}
}
@inproceedings{a12a,
  title={Regularized tensor factorizations and higher-order principal components analysis},
  author={Allen, Genevera I},
  booktitle={arXiv preprint},
  publisher={\url{https://arxiv.org/pdf/1202.2476}},
  year={2012}
}

@article{jmz15,
  title={Tensor principal component analysis via convex optimization},
  author={Jiang, Bo and Ma, Shiqian and Zhang, Shuzhong},
  journal={Mathematical Programming},
  volume={150},
  number={2},
  pages={423--457},
  year={2015},
  publisher={Springer}
}

@inproceedings{lfclly16,
  title={Tensor robust principal component analysis: Exact recovery of corrupted low-rank tensors via convex optimization},
  author={Lu, Canyi and Feng, Jiashi and Chen, Yudong and Liu, Wei and Lin, Zhouchen and Yan, Shuicheng},
  booktitle={Proceedings of the IEEE Conference on Computer Vision and Pattern Recognition (CVPR)},
  pages={5249--5257},
  year={2016}
}

@inproceedings{rm14,
  title={A statistical model for tensor PCA},
  author={Richard, Emile and Montanari, Andrea},
  booktitle={Advances in Neural Information Processing Systems},
  pages={2897--2905},
  publisher={\url{https://arxiv.org/pdf/1411.1076}},
  year={2014}
}


@inproceedings{adgm16,
  title={Homotopy Analysis for Tensor PCA},
  author={Anandkumar, Anima and Deng, Yuan and Ge, Rong and Mobahi, Hossein},
  booktitle={arXiv preprint},
  publisher = {\url{https://arxiv.org/pdf/1610.09322}},
  year={2016}
}

@inproceedings{zx17,
  title={Guaranteed Tensor PCA with Optimality in Statistics and Computation},
  author={Zhang, Anru and Xia, Dong},
  booktitle={arXiv preprint},
  publisher={\url{https://arxiv.org/pdf/1703.02724}},
  year={2017}
}

%%%SOS for tensor

@inproceedings{mss16,
  title={Polynomial-time tensor decompositions with sum-of-squares},
  author={Ma, Tengyu and Shi, Jonathan and Steurer, David},
  booktitle={Foundations of Computer Science (FOCS), 2016 IEEE 57th Annual Symposium on},
  pages={438--446},
  year={2016},
  publisher={\url{https://arxiv.org/pdf/1610.01980}},
  organization={IEEE}
}

@inproceedings{hsss16,
  title={Fast spectral algorithms from sum-of-squares proofs: tensor decomposition and planted sparse vectors},
  author={Hopkins, Samuel B and Schramm, Tselil and Shi, Jonathan and Steurer, David},
  booktitle={Proceedings of the 48th Annual Symposium on the Theory of Computing},
  publisher={\url{https://arxiv.org/pdf/1512.02337}},
  year={2016},
  organization={ACM}
}

@inproceedings{hss15,
  title={Tensor principal component analysis via sum-of-square proofs.},
  author={Hopkins, Samuel B and Shi, Jonathan and Steurer, David},
  booktitle={28th Annual Conference on Learning Theory (COLT)},
  pages={956--1006},
  publisher = {\url{https://arxiv.org/pdf/1507.03269}},
  year={2015}
}

@inproceedings{bks15a,
  title={Dictionary learning and tensor decomposition via the sum-of-squares method},
  author={Barak, Boaz and Kelner, Jonathan A and Steurer, David},
  booktitle={Proceedings of the Forty-Seventh Annual ACM on Symposium on Theory of Computing (STOC)},
  pages={143--151},
  year={2015},
  publisher ={\url{https://arxiv.org/pdf/1407.1543}},
  organization={ACM}
}

@inproceedings{ps17,
  title={Exact tensor completion with sum-of-squares},
  author={Potechin, Aaron and Steurer, David},
  booktitle={arXiv preprint},
  publisher = {\url{https://arxiv.org/pdf/1702.06237}},
  year={2017}
}
@article{ts17,
  title={Fast and robust tensor decomposition with applications to dictionary learning},
  author={Tselil Schramm and David Steurer},
  journal={manuscript},
  year={2017}
}

@inproceedings{gm15,
  title={Decomposing overcomplete 3rd order tensors using sum-of-squares algorithms},
  author={Ge, Rong and Ma, Tengyu},
  booktitle={The 18th. International Workshop on Approximation Algorithms for Combinatorial Optimization Problems (APPROX'2015), and the 19th. International Workshop on Randomization and Computation (RANDOM'2015)},
  publisher={\url{https://arxiv.org/pdf/1504.05287}},
  year={2015}
}



@ARTICLE{c09,
   author = {{Comon}, P.},
    title = "{Tensor Decompositions, State of the Art and Applications}",
  journal = {ArXiv e-prints},
archivePrefix = "arXiv",
   eprint = {0905.0454},
 primaryClass = "stat.AP",
 keywords = {Statistics - Applications},
     year = 2009
}

@inproceedings{ycs11,
  author    = {Yusuf Kenan Yilmaz and
               Ali Taylan Cemgil and
               Umut Simsekli},
  title     = {Generalised Coupled Tensor Factorisation},
  booktitle = {Advances in Neural Information Processing Systems 24: 25th Annual
               Conference on Neural Information Processing Systems 2011. Proceedings
               of a meeting held 12-14 December 2011, Granada, Spain.},
  pages     = {2151--2159},
  year      = {2011}
}

@article{stls14,
  author    = {Marco Signoretto and
               Dinh Quoc Tran and
               Lieven De Lathauwer and
               Johan A. K. Suykens},
  title     = {Learning with tensors: a framework based on convex optimization and
               spectral regularization},
  journal   = {Machine Learning},
  volume    = {94},
  number    = {3},
  pages     = {303--351},
  year      = {2014}
}

@article{kb09,
  author    = {Tamara G. Kolda and
               Brett W. Bader},
  title     = {Tensor Decompositions and Applications},
  journal   = {{SIAM} Review},
  volume    = {51},
  number    = {3},
  pages     = {455--500},
  year      = {2009}
}

@inproceedings{aabby07,
  author    = {Evrim Acar and
               Canan Aykut{-}Bing{\"{o}}l and
               Haluk Bingol and
               Rasmus Bro and
               B{\"{u}}lent Yener},
  title     = {Multiway analysis of epilepsy tensors},
  booktitle = {Proceedings 15th International Conference on Intelligent Systems for
               Molecular Biology {(ISMB)} {\&} 6th European Conference on Computational
               Biology (ECCB), Vienna, Austria, July 21-25, 2007},
  pages     = {10--18},
  year      = {2007}
}

@book{sbg04,
  author    = {Age K. Smilde and
               Rasmus Bro and
               Paul Geladi},
  title     = {Multi-way Analysis with Applications in the Chemical Sciences},
  publisher = {Wiley},
  year      = {2004}
}

@inproceedings{tshk11,
  author    = {Ryota Tomioka and
               Taiji Suzuki and
               Kohei Hayashi and
               Hisashi Kashima},
  title     = {Statistical Performance of Convex Tensor Decomposition},
  booktitle = {Advances in Neural Information Processing Systems 24: 25th Annual
               Conference on Neural Information Processing Systems (NIPS). Proceedings
               of a meeting held 12-14 December 2011, Granada, Spain.},
  pages     = {972--980},
  year      = {2011}
}

@inproceedings{mh13,
  title={Square Deal: Lower Bounds and Improved Relaxations for Tensor Recovery.},
  author={Mu, Cun and Huang, Bo and Wright, John and Goldfarb, Donald},
  booktitle={The Thirty-first International Conference on Machine Learning (ICML)},
  publisher= {\url{https://arxiv.org/pdf/1307.5870}},
  pages={73--81},
  year={2014}
}

@article{wm01,
  author = {B. Walczak and DL Massart},
  title = {Dealing with Missing Data: Part i},
  journal = {Chemometrics and Intelligent Laboratory Systems},
  volume = {58(1)},
  pages = {15--27},
  year = {2001}
  }

@article{lmwy13,
  author    = {Ji Liu and
               Przemyslaw Musialski and
               Peter Wonka and
               Jieping Ye},
  title     = {Tensor Completion for Estimating Missing Values in Visual Data},
  journal   = {{IEEE} Trans. Pattern Anal. Mach. Intell.},
  volume    = {35},
  number    = {1},
  pages     = {208--220},
  year      = {2013}
  }

@inproceedings{akdm10,
   author = {{Acar}, E. and {Kolda}, T.~G. and {Dunlavy}, D.~M. and {Morup}, M.
	},
    title = "{Scalable Tensor Factorizations for Incomplete Data}",
  booktitle = {arXiv preprint},
  publisher = {\url{https://arxiv.org/pdf/1005.2197}},
     year = {2010}
}


@article{am07,
  author    = {Dimitris Achlioptas and
               Frank McSherry},
  title     = {Fast computation of low-rank matrix approximations},
  journal   = {J. {ACM}},
  volume    = {54},
  number    = {2},
  pages     = {9},
  year      = {2007}
}

@article{fkv04,
  author    = {Alan M. Frieze and
               Ravi Kannan and
               Santosh Vempala},
  title     = {Fast monte-carlo algorithms for finding low-rank approximations},
  journal   = {J. {ACM}},
  volume    = {51},
  number    = {6},
  pages     = {1025--1041},
  year      = {2004}
}

@inproceedings{bm16,
  author    = {Boaz Barak and
               Ankur Moitra},
  title     = {Noisy Tensor Completion via the Sum-of-Squares Hierarchy},
  booktitle = {Proceedings of the 29th Conference on Learning Theory, {COLT} 2016,
               New York, USA, June 23-26, 2016},
  pages     = {417--445},
  publisher = {\url{https://arxiv.org/pdf/1501.06521}},
  year      = {2016}
}

@inproceedings{j14,
  title={Provable tensor factorization with missing data},
  author={Jain, Prateek and Oh, Sewoong},
  booktitle={Advances in Neural Information Processing Systems (NIPS)},
  pages={1431--1439},
  publisher ={\url{https://arxiv.org/pdf/1406.2784}},
  year={2014}
}

@article{cc70,
  author = {J Douglas Carroll and Jih-Jie Chang},
  title = {Anaylsis of individual differences in multidimensional scaling via an n-way generalization of eckart-young decomposition},
  journal = {Psychometrika},
  volume = {35(3)},
  pages = {283--319},
  year = {1970}
  }

@article{h70,
  author = {Richard A Harshman},
  title = {Foundations of the parafac procedure: Models and conditions for an ``explanatory'' multi-modal factor analysis},
  journal={.},
  year = {1970}}

@inproceedings{bs15,
  author    = {Srinadh Bhojanapalli and
               Sujay Sanghavi},
  title     = {A New Sampling Technique for Tensors},
  booktitle   = {arXiv preprint},
  publisher    = {\url{https://arxiv.org/pdf/1502.05023}},
  year      = {2015}
}

%%% orthogonal tensor decomposition


@article{mhg15,
  title={Successive rank-one approximations for nearly orthogonally decomposable symmetric tensors},
  author={Mu, Cun and Hsu, Daniel and Goldfarb, Donald},
  journal={SIAM Journal on Matrix Analysis and Applications},
  volume={36},
  number={4},
  pages={1638--1659},
  year={2015},
  publisher={SIAM}
}

@inproceedings{swz16,
  author    = {Zhao Song and David P. Woodruff and Huan Zhang},
  title     = {Sublinear Time Orthogonal Tensor Decomposition},
  booktitle = {NIPS},
  year      = {2016}
}

@inproceedings{wa16,
  author    = {Yining Wang and
               Animashree Anandkumar},
  title     = {Online and Differentially-Private Tensor Decomposition},
  booktitle   = {Advances in Neural Information Processing Systems 29: Annual Conference
               on Neural Information Processing Systems (NIPS) 2016, December 5-10, 2016,
               Barcelona, Spain},
  publisher = {\url{https://arxiv.org/pdf/1606.06237}},
  year      = {2016}
}

@inproceedings{aghkt14,
  author    = {Animashree Anandkumar and
               Rong Ge and
               Daniel J. Hsu and
               Sham M. Kakade and
               Matus Telgarsky},
  title     = {Tensor decompositions for learning latent variable models},
  booktitle   = {Journal of Machine Learning Research},
  volume    = {15(1)},
  pages     = {2773--2832},
  publisher = {\url{https://arxiv.org/pdf/1210.7559}},
  year      = {2014}
}

@article{o11,
  author    = {Ivan V. Oseledets},
  title     = {Tensor-Train Decomposition},
  journal   = {{SIAM} J. Scientific Computing},
  volume    = {33},
  number    = {5},
  pages     = {2295--2317},
  year      = {2011}
}


@article{otz11,
  title={Tensor-train ranks for matrices and their inverses},
  author={Oseledets, Ivan and Tyrtyshnikov, Eugene and Zamarashkin, Nickolai},
  journal={Computational Methods in Applied Mathematics Comput. Methods Appl. Math.},
  volume={11},
  number={3},
  pages={394--403},
  year={2011}
}

@article{fmps13,
  author    = {Shmuel Friedland and
               Volker Mehrmann and
               Renato Pajarola and
               Susanne K. Suter},
  title     = {On best rank one approximation of tensors},
  journal   = {Numerical Lin. Alg. with Applic.},
  volume    = {20},
  number    = {6},
  pages     = {942--955},
  year      = {2013}
}

@ARTICLE{fv14,
   author = {{Friedland}, S. and {Tammali}, V.},
    title = "{Low-rank approximation of tensors}",
  journal = {ArXiv e-prints},
archivePrefix = "arXiv",
   eprint = {1410.6089},
 primaryClass = "math.NA",
 keywords = {Mathematics - Numerical Analysis, 15A69, 58C30, 65C05, 65F30},
     year = 2014
}


@article{es09,
  author    = {Lars Eld{\'{e}}n and
               Berkant Savas},
  title     = {A Newton-Grassmann Method for Computing the Best Multilinear Rank-(r1,r2,r3) Approximation of a Tensor},
  journal   = {{SIAM} J. Matrix Analysis Applications},
  volume    = {31},
  number    = {2},
  pages     = {248--271},
  year      = {2009}
}

@article{zg01,
  author    = {Tong Zhang and
               Gene H. Golub},
  title     = {Rank-One Approximation to High Order Tensors},
  journal   = {{SIAM} J. Matrix Analysis Applications},
  volume    = {23},
  number    = {2},
  pages     = {534--550},
  year      = {2001}
}

@article{o09,
  title={Breaking the curse of dimensionality, or how to use SVD in many dimensions},
  author={Oseledets, Ivan V and Tyrtyshnikov, Eugene E},
  journal={SIAM Journal on Scientific Computing},
  volume={31},
  number={5},
  pages={3744--3759},
  year={2009},
  publisher={SIAM}
}

@article{lmv00,
  author    = {Lieven De Lathauwer and
               Bart De Moor and
               Joos Vandewalle},
  title     = {A Multilinear Singular Value Decomposition},
  journal   = {{SIAM} J. Matrix Analysis Applications},
  volume    = {21},
  number    = {4},
  pages     = {1253--1278},
  year      = {2000}
}

@article{lmv00a,
  author    = {Lieven De Lathauwer and
               Bart De Moor and
               Joos Vandewalle},
  title     = {On the Best Rank-1 and Rank-(${R}_1,{R}_2,\cdots,{R}_N$) Approximation of Higher-Order Tensors},
  journal   = {{SIAM} J. Matrix Analysis Applications},
  volume    = {21},
  number    = {4},
  pages     = {1324--1342},
  year      = {2000}
}

% This file was created with JabRef 2.9.2.
% Encoding: Cp1252

@article{h64,
  title={Robust estimation of a location parameter},
  author={Huber, Peter J.},
  journal={The Annals of Mathematical Statistics},
  volume={35},
  number={1},
  pages={73--101},
  year={1964},
  publisher={Institute of Mathematical Statistics}
}

@inproceedings{mw10,
  title={1-pass relative-error lp-sampling with applications},
  author={Monemizadeh, Morteza and Woodruff, David P},
  booktitle={Proceedings of the twenty-first annual ACM-SIAM symposium on Discrete Algorithms},
  pages={1143--1160},
  year={2010},
  organization={SIAM}
}

@inproceedings{ako11,
  title={Streaming algorithms via precision sampling},
  author={Andoni, Alexandr and Krauthgamer, Robert and Onak, Krzysztof},
  booktitle={Foundations of Computer Science (FOCS), 2011 IEEE 52nd Annual Symposium on},
  pages={363--372},
  year={2011},
  publisher ={\url{https://arxiv.org/pdf/1011.1263}},
  organization={IEEE}
}

@article{nw14,
  title = {Personal communication},
  author = {Jelani Nelson and David P. Woodruff},
  journal = {.},
  year = {2014}
  }

@article{dmmw12,
  title={Fast approximation of matrix coherence and statistical leverage},
  author={Drineas, Petros and Magdon-Ismail, Malik and Mahoney, Michael W and Woodruff, David P},
  journal={Journal of Machine Learning Research},
  volume={13},
  number={Dec},
  pages={3475--3506},
  year={2012}
}


@article{dw17,
  title = {Kronecker product and spline regression},
  author = {Huaian Diao and David P. Woodruff},
  journal = {manuscript},
  year = {2017}
  }

@inproceedings{pp13,
  title={Fast and scalable polynomial kernels via explicit feature maps},
  author={Pham, Ninh and Pagh, Rasmus},
  booktitle={Proceedings of the 19th ACM SIGKDD international conference on Knowledge discovery and data mining(KDD)},
  pages={239--247},
  year={2013},
  organization={ACM}
}

@inproceedings{wtsa15,
  title={Fast and guaranteed tensor decomposition via sketching},
  author={Wang, Yining and Tung, Hsiao-Yu and Smola, Alexander J and Anandkumar, Anima},
  booktitle={Advances in Neural Information Processing Systems (NIPS)},
  pages={991--999},
  publisher = { \url{https://arxiv.org/pdf/1506.04448}},
  year={2015}
}

@article{p13,
  title={Compressed matrix multiplication},
  author={Pagh, Rasmus},
  journal={ACM Transactions on Computation Theory (TOCT)},
  volume={5},
  number={3},
  pages={9},
  year={2013},
  publisher={ACM}
}

@inproceedings{anw14,
  title={Subspace embeddings for the polynomial kernel},
  author={Avron, Haim and Nguyen, Huy and Woodruff, David},
  booktitle={Advances in Neural Information Processing Systems(NIPS)},
  pages={2258--2266},
  year={2014}
}

@inproceedings{hl13,
  title={Most tensor problems are {NP}-hard},
  author={Hillar, Christopher J and Lim, Lek-Heng},
  booktitle={Journal of the ACM (JACM)},
  volume={60(6)},
  pages={45},
  year={2013},
  publisher={\url{https://arxiv.org/pdf/0911.1393}}
}


@article{gjs76,
  title={Some simplified NP-complete graph problems},
  author={Garey, Michael R and Johnson, David S. and Stockmeyer, Larry},
  journal={Theoretical computer science},
  volume={1},
  number={3},
  pages={237--267},
  year={1976},
  publisher={Elsevier}
}

@inproceedings{d14,
  title={Algorithmic Lower Bounds: Fun With Hardness Proofs, Lecture 13},
  author={Erik Demaine},
  booktitle={MIT Course 6.890},
  year={2014}
}



@inproceedings{p10,
  title={Towards polynomial lower bounds for dynamic problems},
  author={Patrascu, Mihai},
  booktitle={Proceedings of the forty-second ACM symposium on Theory of computing},
  pages={603--610},
  year={2010},
  organization={ACM}
}

@inproceedings{alw14,
  title={Losing weight by gaining edges},
  author={Abboud, Amir and Lewi, Kevin and Williams, Ryan},
  booktitle={European Symposium on Algorithms},
  pages={1--12},
  year={2014},
  organization={Springer}
}

@inproceedings{bss12,
  title={Twice-ramanujan sparsifiers},
  author={Batson, Joshua and Spielman, Daniel A and Srivastava, Nikhil},
  booktitle={SIAM Journal on Computing},
  volume={41(6)},
  pages={1704--1721},
  year={2012},
  publisher ={\url{https://arxiv.org/pdf/0808.0163}}
}

@article{b38,
  title={{\"U}ber homogene Polynome in ($L^2$)},
  author={Banach, Stefan},
  journal={Studia Mathematica},
  volume={7},
  number={1},
  pages={36--44},
  year={1938},
  publisher={Institute of Mathematics Polish Academy of Sciences}
}

@article{dmms11,
  title={Faster least squares approximation},
  author={Drineas, Petros and Mahoney, Michael W and Muthukrishnan, S and Sarl{\'o}s, Tam{\'a}s},
  journal={Numerische Mathematik},
  volume={117},
  number={2},
  pages={219--249},
  year={2011},
  publisher={Springer}
}

@inproceedings{cnw15,
  title={Optimal approximate matrix product in terms of stable rank},
  author={Cohen, Michael B and Nelson, Jelani and Woodruff, David P},
  booktitle ={Proceedings of the 43rd International Colloquium on Automata, Languages and Programming (ICALP), Rome, Italy, July 12-15, 2016},
  publisher={\url{https://arxiv.org/pdf/1507.02268}},
  year={2015}
}


@inproceedings{wdfs16,
  title={Operator norm inequalities between tensor unfoldings on the partition lattice},
  author={Wang, Miaoyan and Duc, Khanh Dao and Fischer, Jonathan and Song, Yun S},
  booktitle={arXiv preprint},
  publisher = {\url{https://arxiv.org/pdf/1603.05621}},
  year={2016}
}


@inproceedings{b11,
  title={Topics in matrix sampling algorithms},
  author={Boutsidis, Christos},
  booktitle={ Ph.D. Thesis. arXiv preprint},
  publisher = {\url{https://arxiv.org/pdf/1105.0709}},
  year={2011}
}


@book{n03,
  title={Random walk in a simplex and quadratic optimization over convex polytopes},
  author={Nesterov, Yurii and others},
  year={2003},
  publisher={CORE}
}

%%% machine learning papers
@inproceedings{cplp16,
  title={SPALS: Fast Alternating Least Squares via Implicit Leverage Scores Sampling},
  author={Cheng, Dehua and Peng, Richard and Liu, Yan and Perros, Ioakeim},
  booktitle={Advances In Neural Information Processing Systems},
  pages={721--729},
  year={2016}
}

@inproceedings{yl16,
  title={Learning from multiway data: Simple and efficient tensor regression},
  author={Yu, Rose and Liu, Yan},
  booktitle={International Conference on Machine Learning},
  year={2016}
}

@inproceedings{ycl15,
  title={Accelerated Online Low Rank Tensor Learning for Multivariate Spatiotemporal Streams.},
  author={Yu, Rose and Cheng, Dehua and Liu, Yan},
  booktitle={ICML},
  volume={37},
  pages={238--247},
  year={2015}
}


%%% PCP, ETH stuffs


@article{h00,
  title={On bounded occurrence constraint satisfaction},
  author={H{\aa}stad, Johan},
  journal={Information Processing Letters},
  volume={74},
  number={1-2},
  pages={1--6},
  year={2000},
  publisher={Elsevier}
}

@inproceedings{t01,
  title={Non-approximability results for optimization problems on bounded degree instances},
  author={Trevisan, Luca},
  booktitle={Proceedings of the thirty-third annual ACM symposium on Theory of computing (STOC)},
  pages={453--461},
  year={2001},
  organization={ACM}
}

@article{h01,
  title={Some optimal inapproximability results},
  author={H{\aa}stad, Johan},
  journal={Journal of the ACM (JACM)},
  volume={48},
  number={4},
  pages={798--859},
  year={2001},
  publisher={ACM}
}

@article{aks11,
  title={Inapproximability of Vertex Cover and Independent Set in Bounded Degree Graphs.},
  author={Austrin, Per and Khot, Subhash and Safra, Muli},
  journal={Theory of Computing},
  volume={7},
  number={1},
  pages={27--43},
  year={2011}
}

@article{h99,
  title={Clique is hard to approximate within $n^{1-\varepsilon}$},
  author={H{\aa}stad, Johan},
  journal={Acta Mathematica},
  volume={182},
  number={1},
  pages={105--142},
  year={1999},
  publisher={Springer}
}


@inproceedings{mr10,
  title={Two-query PCP with subconstant error},
  author={Moshkovitz, Dana and Raz, Ran},
  booktitle={Journal of the ACM (JACM)},
  volume={57(5)},
  pages={29},
  year={2010},
  publisher={A preliminary version appeared in the Proceedings of The 49th Annual IEEE Symposium on Foundations of Computer Science (FOCS 08), FOCS 08 Best paper award, \url{https://eccc.weizmann.ac.il/eccc-reports/2008/TR08-071/}}
}


%%%% PSD situation, symmetric case

@inproceedings{lms11,
  title={Lower bounds based on the Exponential Time Hypothesis},
  author={Daniel Lokshtanov and D\'{a}niel Marx and Saket Saurabh},
  booktitle={Bull. EATCS 105},
  pages={41--72},
  year={2011}
}

@article{chkx06,
  title={Strong computational lower bounds via parameterized complexity},
  author={Chen, Jianer and Huang, Xiuzhen and Kanj, Iyad A and Xia, Ge},
  journal={Journal of Computer and System Sciences},
  volume={72},
  number={8},
  pages={1346--1367},
  year={2006},
  publisher={Elsevier}
}
@inproceedings{chkx04,
  title={Linear FPT reductions and computational lower bounds},
  author={Chen, Jianer and Huang, Xiuzhen and Kanj, Iyad A and Xia, Ge},
  booktitle={Proceedings of the thirty-sixth annual ACM symposium on Theory of computing},
  pages={212--221},
  year={2004},
  organization={ACM}
}

@article{v09,
  title={On the complexity of nonnegative matrix factorization},
  author={Vavasis, Stephen A},
  journal={SIAM Journal on Optimization},
  volume={20},
  number={3},
  pages={1364--1377},
  year={2009},
  publisher={SIAM}
}

@inproceedings{ckmsw16,
  title={Nonnegative Matrix Factorization Requires Irrationality},
  author={Chistikov, Dmitry and Kiefer, Stefan and Maru{\v{s}}i{\'c}, Ines and Shirmohammadi, Mahsa and Worrell, James},
  booktitle={ICALP},
  pages= {103:--103:14},
  year={2016}
}

@inproceedings{cw17,
  title={Low-Rank PSD Approximation in Input-Sparsity Time},
  author={Clarkson, Kenneth L and Woodruff, David P},
  booktitle={Proceedings of the Twenty-Eighth Annual ACM-SIAM Symposium on Discrete Algorithms},
  pages={2061--2072},
  year={2017},
  organization={SIAM}
}

%%%%NMF papers

@inproceedings{ckmsw17,
  title={On Rationality of Nonnegative Matrix Factorization},
  author={Chistikov, Dmitry and Kiefer, Stefan and Maru{\v{s}}ic, Ines and Shirmohammadi, Mahsa and Worrell, James},
  booktitle={Proceedings of the Twenty-Eighth Annual ACM-SIAM Symposium on Discrete Algorithms},
  pages={1290--1305},
  year={2017},
  organization={SIAM}
}


%%%%%%%%% New data for tensor low-rank approximation.


%%%% random ETH, random 3-SAT
@article{jpt13,
  title={On the minimum of a polynomial function on a basic closed semialgebraic set and applications},
  author={Jeronimo, Gabriela and Perrucci, Daniel and Tsigaridas, Elias},
  journal={SIAM Journal on Optimization},
  volume={23},
  number={1},
  pages={241--255},
  year={2013},
  publisher={SIAM}
}



@inproceedings{f02,
  title={Relations between average case complexity and approximation complexity},
  author={Feige, Uriel},
  booktitle={Proceedings of the thiry-fourth annual ACM symposium on Theory of computing(STOC)},
  pages={534--543},
  year={2002},
  organization={ACM}
}

@article{h90,
  title={Tensor rank is {NP}-complete},
  author={H{\aa}stad, Johan},
  journal={Journal of Algorithms},
  volume={11},
  number={4},
  pages={644--654},
  year={1990},
  publisher={Elsevier}
}








@article{rv09,
  title={Smallest singular value of a random rectangular matrix},
  author={Rudelson, Mark and Vershynin, Roman},
  journal={Communications on Pure and Applied Mathematics},
  volume={62},
  number={12},
  pages={1707--1739},
  year={2009},
  publisher={Wiley Online Library}
}


%%%%%%%%% Old data for l1 low-rank approximation.


%%% robust pca and related
@article{clmw11,
  title={Robust principal component analysis},
  author={Cand{\`e}s, Emmanuel J and Li, Xiaodong and Ma, Yi and Wright, John},
  journal={Journal of the ACM (JACM)},
  volume={58},
  number={3},
  pages={11},
  year={2011},
  publisher={ACM}
}
%%% the above is main robust pca paper
%%% below is some other paper that has robust pca in title
@inproceedings{xcs10,
  title={Robust PCA via outlier pursuit},
  author={Xu, Huan and Caramanis, Constantine and Sanghavi, Sujay},
  booktitle={Advances in Neural Information Processing Systems},
  pages={2496--2504},
  year={2010}
}


@inproceedings{nyh14,
  title={Optimal mean robust principal component analysis},
  author={Nie, Feiping and Yuan, Jianjun and Huang, Heng},
  booktitle={Proceedings of the 31st International Conference on Machine Learning (ICML-14)},
  pages={1062--1070},
  year={2014}
}

@inproceedings{chd16,
  title={Robust Principal Component Analysis with Side Information},
  author={Chiang, Kai-Yang and  Hsieh, Cho-Jui and Dhillon, Inderjit S},
  booktitle={Proceedings of The 33rd International Conference on Machine Learning},
  pages={2291--2299},
  year={2016}
}

@inproceedings{zzl15,
  title={Analysis of Robust PCA via Local Incoherence},
  author={Zhang, Huishuai and Zhou, Yi and Liang, Yingbin},
  booktitle={Advances in Neural Information Processing Systems (NIPS)},
  pages={1819--1827},
  year={2015}
}

@inproceedings{wgrpm09,
  title={Robust principal component analysis: Exact recovery of corrupted low-rank matrices via convex optimization},
  author={Wright, John and Ganesh, Arvind and Rao, Shankar and Peng, Yigang and Ma, Yi},
  booktitle={Advances in neural information processing systems},
  pages={2080--2088},
  year={2009}
}

@inproceedings{nnasj14,
  title={Non-convex robust PCA},
  author={Netrapalli, Praneeth and Niranjan, UN and Sanghavi, Sujay and Anandkumar, Animashree and Jain, Prateek},
  booktitle={Advances in Neural Information Processing Systems},
  pages={1107--1115},
  year={2014}
}

%%% robust pca and related papers.

@inproceedings{clmmps15,
  title={Uniform sampling for matrix approximation},
  author={Cohen, Michael B and Lee, Yin Tat and Musco, Cameron and Musco, Christopher and Peng, Richard and Sidford, Aaron},
  booktitle={Proceedings of the 2015 Conference on Innovations in Theoretical Computer Science (ITCS)},
  pages={181--190},
  year={2015},
  publisher ={\url{https://arxiv.org/pdf/1408.5099}},
  organization={ACM}
}

% exponent of matrix multiplication
@article{s69,
  title={Gaussian elimination is not optimal},
  author={Strassen, Volker},
  journal={Numerische Mathematik},
  volume={13},
  number={4},
  pages={354--356},
  year={1969},
  publisher={Springer}
}

@inproceedings{w12,
  title={Multiplying matrices faster than Coppersmith-Winograd},
  author={Williams, Virginia Vassilevska},
  booktitle={Proceedings of the forty-fourth annual ACM symposium on Theory of computing (STOC)},
  pages={887--898},
  year={2012},
  organization={ACM}
}

@inproceedings{cw87,
  title={Matrix multiplication via arithmetic progressions},
  author={Coppersmith, Don and Winograd, Shmuel},
  booktitle={Proceedings of the nineteenth annual ACM symposium on Theory of computing},
  pages={1--6},
  year={1987},
  organization={ACM}
}

% some hardness

@inproceedings{fl11,
  author    = {Dan Feldman and
               Michael Langberg},
  title     = {A unified framework for approximating and clustering data},
  booktitle = {Proceedings of the 43rd {ACM} Symposium on Theory of Computing, {STOC}
               2011, San Jose, CA, USA, 6-8 June 2011},
  pages     = {569--578},
  year      = {2011}
}

@article{tssw00,
  title={Gadgets, approximation, and linear programming},
  author={Trevisan, Luca and Sorkin, Gregory B and Sudan, Madhu and Williamson, David P},
  journal={SIAM Journal on Computing},
  volume={29},
  number={6},
  pages={2074--2097},
  year={2000},
  publisher={SIAM}
}

@article{kkmo07,
  title={Optimal inapproximability results for MAX-CUT and other 2-variable CSPs?},
  author={Khot, Subhash and Kindler, Guy and Mossel, Elchanan and O'Donnell, Ryan},
  journal={SIAM Journal on Computing},
  volume={37},
  number={1},
  pages={319--357},
  year={2007},
  publisher={SIAM}
}

@article{gw95,
  title={Improved approximation algorithms for maximum cut and satisfiability problems using semidefinite programming},
  author={Goemans, Michel X and Williamson, David P},
  journal={Journal of the ACM (JACM)},
  volume={42},
  number={6},
  pages={1115--1145},
  year={1995},
  publisher={ACM}
}

@book{ab09,
  title={Computational complexity: a modern approach},
  author={Arora, Sanjeev and Barak, Boaz},
  year={2009},
  publisher={Cambridge University Press}
}

% hardinstance
%%math stack
@article{pp08,
  title={The matrix cookbook},
  author={Petersen, Kaare Brandt and Pedersen, Michael Syskind and others},
  journal={Technical University of Denmark},
  volume={7},
  pages={15},
  year={2008}
}
%% Pinsker's inequality
@misc{t09,
  title={Introduction to nonparametric estimation. Revised and extended from the 2004 French original. Translated by Vladimir Zaiats},
  author={Tsybakov, Alexandre B},
  year={2009},
  publisher={Springer Series in Statistics. Springer, New York}
}
%% Pinsker's inequality
@book{ck11,
  title={Information theory: coding theorems for discrete memoryless systems},
  author={Csiszar, Imre and K{\"o}rner, J{\'a}nos},
  year={2011},
  publisher={Cambridge University Press}
}
%% Pinsker's inequality
@article{p60,
  title={Information and information stability of random variables and processes},
  journal = {San Francisco: Holden-Day, 1964, originally published in Russian in 1960},
  author={Pinsker, Mark S},
  year={1960},
  publisher={Izv. Akad. Nauk}
}
%% total variation distance

@inproceedings{v14,
  title={Total variation distance and the distribution of relative information.},
  author={Verd{\'u}, Sergio},
  booktitle={ITA},
  pages={1--3},
  year={2014},
  organization={Citeseer}
}

@book{lpw09,
  title={Markov chains and mixing times},
  author={Levin, David Asher and Peres, Yuval and Wilmer, Elizabeth Lee},
  year={2009},
  publisher={American Mathematical Soc.}
}
%% total variation distnace

%% Yao's minmax principle
@inproceedings{y77,
  title={Probabilistic computations: Toward a unified measure of complexity},
  author={Yao, Andrew Chi-Chin},
  booktitle={Foundations of Computer Science, 1977., 18th Annual Symposium on},
  pages={222--227},
  year={1977},
  organization={IEEE}
}

@inproceedings{nn13,
  title={OSNAP: Faster numerical linear algebra algorithms via sparser subspace embeddings},
  author={Nelson, Jelani and Nguy{\^e}n, Huy L},
  booktitle={2013 IEEE 54th Annual Symposium on Foundations of Computer Science (FOCS)},
  pages={117--126},
  year={2013},
  publisher = {\url{https://arxiv.org/pdf/1211.1002}},
  organization={IEEE}
}

@inproceedings{nn14,
  title={Lower bounds for oblivious subspace embeddings},
  author={Nelson, Jelani and Nguy{\^e}n, Huy L},
  booktitle={International Colloquium on Automata, Languages, and Programming},
  pages={883--894},
  year={2014},
  organization={Springer}
}

@inproceedings{psw17,
  title = {Fast regression with an ${\ell}_{\infty}$ guarantee},
  author = {Eric Price and Zhao Song and David P. Woodruff},
  publisher = {\url{https://arxiv.org/pdf/1705.10723}},
  booktitle = {ICALP},
  year = {2017}
  }

@article{cgklp16,
  title = {On Robust Low-Rank Approximation},
  author = {Flavio Chierichetti and Sreenivas Gollapudi and Ravi Kumar and Silvio Lattanzi and Rina Panigrahy},
  journal = {ArXiv e-prints},
archivePrefix = {arXiv},
     year = {2016}
}
% some compressed sensing
@article{d06,
  author    = {David L. Donoho},
  title     = {Compressed sensing},
  journal   = {{IEEE} Trans. Information Theory},
  volume    = {52},
  number    = {4},
  pages     = {1289--1306},
  year      = {2006}
}

% some l1-l2 refs

@inproceedings{y12,
  title={An efficient algorithm for $\ell_1$-norm principal component analysis},
  author={Yu, Linbin and Zhang, Miao and Ding, Chris},
  booktitle={2012 IEEE International Conference on Acoustics, Speech and Signal Processing (ICASSP)},
  pages={1377--1380},
  year={2012},
  organization={IEEE}
}

@article{g08,
  title={Robust $\ell_1$ principal component analysis and its Bayesian variational inference},
  author={Gao, Junbin},
  journal={Neural computation},
  volume={20},
  number={2},
  pages={555--572},
  year={2008},
  publisher={MIT Press}
}

@article{kahl2008practical,
  title={Practical global optimization for multiview geometry},
  author={Kahl, Fredrik and Agarwal, Sameer and Chandraker, Manmohan Krishna and Kriegman, David and Belongie, Serge},
  journal={International Journal of Computer Vision},
  volume={79},
  number={3},
  pages={271--284},
  year={2008},
  publisher={Springer}
}



@book{vt01,
    author = {Van Trees, H. L.},
    edition = {1},
    howpublished = {Paperback},
    isbn = {0471095176},
    month = sep,
    posted-at = {2009-05-19 19:31:32},
    priority = {2},
    publisher = {Wiley},
    title = {{Detection, estimation, and modulation theory}},
    year = {2001}
}


@ARTICLE{mkcp16,
   author = {{Markopoulos}, P.~P. and {Kundu}, S. and {Chamadia}, S. and 
	{Pados}, D.~A.},
    title = "{Efficient $\ell_1$-Norm Principal-Component Analysis via Bit Flipping}",
  journal = {ArXiv e-prints},
archivePrefix = "arXiv",
   eprint = {1610.01959},
 primaryClass = "cs.DS",
 keywords = {Computer Science - Data Structures and Algorithms, Computer Science - Learning, Statistics - Machine Learning},
     year = 2016
}

@article{mkp14,
  author    = {Panos P. Markopoulos and
               George N. Karystinos and
               Dimitrios A. Pados},
  title     = {Optimal Algorithms for $\ell_1$-subspace Signal Processing},
  journal   = {{IEEE} Trans. Signal Processing},
  volume    = {62},
  number    = {19},
  pages     = {5046--5058},
  year      = {2014}
}

@inproceedings{mkp13,
  author    = {Panos P. Markopoulos and
               George N. Karystinos and
               Dimitrios A. Pados},
  title     = {Some Options for $\ell_1$-subspace Signal Processing},
  booktitle = {{ISWCS} 2013, The Tenth International Symposium on Wireless Communication
               Systems, Ilmenau, {TU} Ilmenau, Germany, August 27-30, 2013},
  pages     = {1--5},
  year      = {2013}
}

@article{ddhkm09,
  title={Sampling algorithms and coresets for $\ell_p$ regression},
  author={Dasgupta, Anirban and Drineas, Petros and Harb, Boulos and Kumar, Ravi and Mahoney, Michael W},
  journal={SIAM Journal on Computing},
  volume={38},
  number={5},
  pages={2060--2078},
  year={2009},
  publisher={SIAM}
}

@inproceedings{fmsw10,
  author    = {Dan Feldman and
               Morteza Monemizadeh and
               Christian Sohler and
               David P. Woodruff},
  title     = {Coresets and Sketches for High Dimensional Subspace Approximation
               Problems},
  booktitle = {Proceedings of the Twenty-First Annual {ACM-SIAM} Symposium on Discrete
               Algorithms (SODA), 2010, Austin, Texas, USA, January 17-19, 2010},
  pages     = {630--649},
  year      = {2010}
}

@article{sv12a,
  author    = {Nariankadu D. Shyamalkumar and
               Kasturi R. Varadarajan},
  title     = {Efficient Subspace Approximation Algorithms},
  journal   = {Discrete {\&} Computational Geometry},
  volume    = {47},
  number    = {1},
  pages     = {44--63},
  year      = {2012}
}

@inproceedings{dv07,
  author    = {Amit Deshpande and
               Kasturi R. Varadarajan},
  title     = {Sampling-based dimension reduction for subspace approximation},
  booktitle = {Proceedings of the 39th Annual {ACM} Symposium on Theory of Computing,
               San Diego, California, USA, June 11-13, 2007},
  pages     = {641--650},
  year      = {2007}
}

% some l1 matrix factorization refs.

@article{ts16,
  title={Fast $\ell_1$-NMF for Multiple Parametric Model Estimation},
  author={Mariano Tepper and Guillermo Sapiro},
  journal={arXiv preprint arXiv:1610.05712},
  year={2016}
}

% some l1 refs

@article{kimefficient,
  title={Efficient-Norm-Based Low-Rank Matrix Approximations for Large-Scale Problems Using Alternating Rectified Gradient Method},
  author={Kim, Eunwoo and Lee, Minsik and Choi, Chong-Ho and Kwak, Nojun and Oh, Songhwai},
  journal={IEEE transactions on neural networks and learning systems},
  volume={26},
  number={2},
  pages={237--251},
  year={2015},
  publisher={IEEE}
}

@article{park2016iteratively,
  title={Iteratively Reweighted Least Squares Algorithms for $\ell_1$-Norm Principal Component Analysis},
  author={Park, Young Woong and Klabjan, Diego},
  journal={arXiv preprint arXiv:1609.02997},
  year={2016}
}
%%%old name : kwak2008principal
@article{kwak08,
  title={Principal component analysis based on $\ell_1$-norm maximization},
  author={Kwak, Nojun},
  journal={IEEE transactions on pattern analysis and machine intelligence},
  volume={30},
  number={9},
  pages={1672--1680},
  year={2008},
  publisher={IEEE}
}


@inproceedings{zlsyO12,
  author    = {Yinqiang Zheng and
               Guangcan Liu and
               Shigeki Sugimoto and
               Shuicheng Yan and
               Masatoshi Okutomi},
  title     = {Practical low-rank matrix approximation under robust $\ell_1$-norm},
  booktitle = {2012 {IEEE} Conference on Computer Vision and Pattern Recognition,
               Providence, RI, USA, June 16-21, 2012},
  pages     = {1410--1417},
  year      = {2012}
}

@inproceedings{meng2013cyclic,
  title={A Cyclic Weighted Median Method for $\ell_1$ Low-Rank Matrix Factorization with Missing Entries.},
  author={Meng, Deyu and Xu, Zongben and Zhang, Lei and Zhao, Ji},
  booktitle={AAAI},
  volume={4},
  pages={6},
  year={2013}
}



% end l1 refs

@article{kv09,
  author    = {Ravi Kannan and
               Santosh Vempala},
  title     = {Spectral Algorithms},
  journal   = {Foundations and Trends in Theoretical Computer Science},
  volume    = {4},
  number    = {3-4},
  pages     = {157--288},
  year      = {2009}
}

@inproceedings{bdn15,
  author    = {Jean Bourgain and
               Sjoerd Dirksen and
               Jelani Nelson},
  title     = {Toward a Unified Theory of Sparse Dimensionality Reduction in Euclidean
               Space},
  booktitle = {Proceedings of the Forty-Seventh Annual {ACM} on Symposium on Theory
               of Computing, {STOC} 2015, Portland, OR, USA, June 14-17, 2015},
  pages     = {499--508},
  year      = {2015}
}

@article{bd13,
  author = {Brooks, J. Paul and Dul\'{a}, Jos\'{e} H.},
  journal = {Appl. Math. Lett.},
  number = 1,
  pages = {51-55},
  title = {The $\ell_1$-norm best-fit hyperplane problem.},
  volume = 26,
  year = 2013
}

% heuristic algorithm

@inproceedings{dzhz06,
  title={R1-PCA: rotational invariant $\ell_1$-norm principal component analysis for robust subspace factorization},
  author={Ding, Chris and Zhou, Ding and He, Xiaofeng and Zha, Hongyuan},
  booktitle={Proceedings of the 23rd international conference on Machine learning},
  pages={281--288},
  year={2006},
  organization={ACM}
}

@article{mx12,
  title={Divide-and-Conquer Method for $\ell_1$ Norm Matrix Factorization in the Presence of Outliers and Missing Data},
  author={Meng, Deyu and Xu, Zongben},
  journal={arXiv preprint arXiv:1202.5844},
  year={2012}
}


@article{bdb13,
  title={A pure $\ell_1$-norm principal component analysis},
  author={Brooks, J. Paul and Dul\'{a}, Jos\'{e} H. and Boone, Edward L},
  journal={Computational statistics \& data analysis},
  volume={61},
  pages={83--98},
  year={2013},
  publisher={Elsevier}
}

@article{bj12,
  title={PCAl1: An implementation in R of three methods for $\ell_1$-norm principal component analysis},
  author={Brooks, J. Paul and Jot, Sapan},
  journal={Optimization Online preprint},
  year={2012}
}

@inproceedings{kk05,
  title={Robust $\ell_1$ norm factorization in the presence of outliers and missing data by alternative convex programming},
  author={Ke, Qifa and Kanade, Takeo},
  booktitle={2005 IEEE Computer Society Conference on Computer Vision and Pattern Recognition (CVPR)},
  volume={1},
  pages={739--746},
  year={2005},
  organization={IEEE}
}

@article{kk03,
  title={Robust subspace computation using $\ell_1$ norm},
  author={Ke, Qifa and Kanade, Takeo},
  journal = {Technical Report CMU-CS-03-172, Carnegie Mellon University, Pittsburgh, PA.},
  year={2003}
}

@inproceedings{nhclw11,
  title={Robust principal component analysis with non-greedy $\ell_1$-norm maximization},
  author={Nie, Feiping and Huang, Heng and Ding, Chris and Luo, Dijun and Wang, Hua},
  booktitle={IJCAI Proceedings-International Joint Conference on Artificial Intelligence},
  volume={22-1},
  pages={1433},
  year={2011},
  organization={Citeseer}
}

@article{t12,
  title={User-friendly tail bounds for sums of random matrices},
  author={Tropp, Joel A},
  journal={Foundations of computational mathematics},
  volume={12},
  number={4},
  pages={389--434},
  year={2012},
  publisher={Springer}
}

@article{rv10,
  title={Non-asymptotic theory of random matrices: extreme singular values},
  author={Rudelson, Mark and Vershynin, Roman},
  journal={arXiv preprint arXiv:1003.2990},
  year={2010}
}

@misc{gj79,
  title={Computers and Intractability: A Guide to the Theory of NP-completeness},
  author={Gary, Michael R and Johnson, David S},
  year={1979},
  publisher={WH Freeman and Company, New York}
}

@article{pj09,
  title={A simple and fast algorithm for K-medoids clustering},
  author={Park, Hae-Sang and Jun, Chi-Hyuck},
  journal={Expert Systems with Applications},
  volume={36},
  number={2},
  pages={3336--3341},
  year={2009},
  publisher={Elsevier}
}


@article{vs10,
  title={Computational complexity between K-means and K-medoids clustering algorithms for normal and uniform distributions of data points},
  author={Velmurugan, T and Santhanam, T},
  journal={Journal of computer science},
  volume={6},
  number={3},
  pages={363},
  year={2010}
}

@inproceedings{fss13,
  title={Turning big data into tiny data: Constant-size coresets for k-means, pca and projective clustering},
  author={Feldman, Dan and Schmidt, Melanie and Sohler, Christian},
  booktitle={Proceedings of the Twenty-Fourth Annual ACM-SIAM Symposium on Discrete Algorithms},
  pages={1434--1453},
  year={2013},
  organization={Society for Industrial and Applied Mathematics}
}

@inproceedings{cemmp15,
  title={Dimensionality reduction for k-means clustering and low rank approximation},
  author={Cohen, Michael B and Elder, Sam and Musco, Cameron and Musco, Christopher and Persu, Madalina},
  booktitle={Proceedings of the Forty-Seventh Annual ACM on Symposium on Theory of Computing (STOC)},
  pages={163--172},
  year={2015},
  publisher ={\url{https://arxiv.org/pdf/1410.6801}},
  organization={ACM}
}


@article{flp15,
  title={Sub-exponential Approximation Schemes for CSPs: From Dense to Almost Sparse},
  author={Fotakis, Dimitris and Lampis, Michael and Paschos, Vangelis Th},
  journal={arXiv preprint arXiv:1507.04391},
  year={2015}
}

@article{ste14,
  title={Reduction from 3 SAT to MAX CUT},
  journal={Lecture notes},
  author={Steurer, David}
}

@inproceedings{ipz98,
  title={Which problems have strongly exponential complexity?},
  author={Impagliazzo, Russell and Paturi, Ramamohan and Zane, Francis},
  booktitle={Proceedings. 39th Annual Symposium on Foundations of Computer Science (FOCS) },
  pages={653--662},
  year={1998},
  organization={IEEE}
}

@inproceedings{klmms14,
  title={Single pass spectral sparsification in dynamic streams},
  author={Kapralov, Michael and Lee, Yin Tat and Musco, Cameron and Musco, Christopher and Sidford, Aaron},
  booktitle={2014 IEEE 55th Annual Symposium on Foundations of Computer Science (FOCS)},
  pages={561--570},
  year={2014},
  publisher ={\url{https://arxiv.org/pdf/1407.1289}},
  organization={IEEE}
}

@inproceedings{kl11,
 author = {Kelner, J. and Levin, A.},
 title = {Spectral Sparsification in the Semi-Streaming Setting},
 booktitle = {Symposium on Theoretical Aspects of Computer Science (STACS)},
 year = {2011},
}


@inproceedings{gp13,
  title={Relative errors for deterministic low-rank matrix approximations},
  author={Ghashami, Mina and Phillips, Jeff M},
  booktitle={Proceedings of the Twenty-Fifth Annual ACM-SIAM Symposium on Discrete Algorithms (SODA)},
  pages={707--717},
  year={2014},
  publisher ={\url{https://arxiv.org/pdf/1307.7454}},
  organization={Society for Industrial and Applied Mathematics}
}

@inproceedings{mcgregor2006open,
  title={Open problems in data streams and related topics},
  author={McGregor, Andrew},
  booktitle={IITK Workshop on Algorithms For Data Streams},
  year={2006}
}

@article{sensors2008,
  title={Distributed principal component analysis for wireless sensor networks},
  author={Yann-Ael Le Borgne and Sylvain Raybaud and Gianluca Bontempi},
  journal={Sensors},
  year={2008}
}

@inproceedings{qu2002principal,
  title={Principal component analysis for dimension reduction in massive distributed data sets},
  author={Qu, Yongming and Ostrouchov, George and Samatova, Nagiza and Geist, Al},
  booktitle={Proceedings of IEEE International Conference on Data Mining (ICDM)},
  year={2002}
}

@inproceedings{wz16,
	title={Distributed Low Rank Approximation of Implicit Functions of a Matrix},
	author={Woodruff, David P and Zhong, Peilin},
	booktitle={32nd IEEE International Conference on Data Engineering (ICDE)},
  publisher = {\url{https://arxiv.org/pdf/1601.07721}},
	year={2016}
}

@inproceedings{sw11,
  title={Subspace embeddings for the $\ell_1$-norm with applications},
  author={Sohler, Christian and Woodruff, David P},
  booktitle={Proceedings of the forty-third annual ACM symposium on Theory of computing},
  pages={755--764},
  year={2011},
  organization={ACM}
}



@article{bgs98,
  title={Free Bits, PCPs, and Nonapproximability---Towards Tight Results},
  author={Bellare, Mihir and Goldreich, Oded and Sudan, Madhu},
  journal={SIAM Journal on Computing},
  volume={27},
  number={3},
  pages={804--915},
  year={1998},
  publisher={SIAM}
}


%%% some earth mover distance
%%% theory part

@inproceedings{aik08,
  title={Earth mover distance over high-dimensional spaces},
  author={Andoni, Alexandr and Indyk, Piotr and Krauthgamer, Robert},
  booktitle={Proceedings of the nineteenth annual ACM-SIAM symposium on Discrete algorithms},
  pages={343--352},
  year={2008},
  organization={Society for Industrial and Applied Mathematics}
}

@inproceedings{birw16,
  title={Nearly-optimal bounds for sparse recovery in generic norms, with applications to k-median sketching},
  author={Backurs, Arturs and Indyk, Piotr and Razenshteyn, Ilya and Woodruff, David P},
  booktitle={Proceedings of the Twenty-Seventh Annual ACM-SIAM Symposium on Discrete Algorithms},
  pages={318--337},
  year={2016},
  organization={SIAM}
}

@inproceedings{it03,
  title={Fast image retrieval via embeddings},
  author={Indyk, Piotr and Thaper, Nitin},
  booktitle= {Workshop on Statistical and Computational Theories of Vision (at ICCV)},
  year={2003}
}

@inproceedings{ip11,
  title={K-median clustering, model-based compressive sensing, and sparse recovery for earth mover distance},
  author={Indyk, Piotr and Price, Eric},
  booktitle={Proceedings of the forty-third annual ACM symposium on Theory of computing},
  pages={627--636},
  year={2011},
  organization={ACM}
}
@inproceedings{akiw09,
  title={Efficient sketches for earth-mover distance, with applications},
  author={Andoni, Alexandr and Ba, Khanh Do and Indyk, Piotr and Woodruff, David P},
  booktitle ={50th Annual IEEE Symposium on Foundations of Computer Science},
  pages = {324--330},
  year={2009}
}

%%% heurestic algorithm

@inproceedings{sl09,
  title={Nonnegative matrix factorization with earth mover's distance metric},
  author={Sandler, Roman and Lindenbaum, Michael},
  booktitle={IEEE Conference on Computer Vision and Pattern Recognition (CVPR) },
  pages={1873--1880},
  year={2009},
  organization={IEEE}
}

@article{log16,
  title={Fast Algorithm for Earth Mover's Distance Based on Optimal Transport and $\ell_1$ Type Regularization I},
  author={Wuchen Li and Stanley Osher and Wilfrid Gangbo},
  journal={arXiv preprint arXiv:1609.07092},
  year={2016}
}

%%% end of earth mover distance

@inproceedings{knw10,
  title={On the exact space complexity of sketching and streaming small norms},
  author={Kane, Daniel M and Nelson, Jelani and Woodruff, David P},
  booktitle={Proceedings of the twenty-first annual ACM-SIAM symposium on Discrete Algorithms},
  pages={1161--1178},
  year={2010},
  organization={Society for Industrial and Applied Mathematics}
}

@inproceedings{c05,
  title={Subgradient and sampling algorithms for $\ell_1$ regression},
  author={Clarkson, Kenneth L},
  booktitle={Proceedings of the sixteenth annual ACM-SIAM symposium on Discrete algorithms (SODA)},
  pages={257--266},
  year={2005}
}

@article{w14,
  author    = {David P. Woodruff},
  title     = {Sketching as a Tool for Numerical Linear Algebra},
  journal   = {Foundations and Trends in Theoretical Computer Science},
  volume    = {10},
  number    = {1-2},
  pages     = {1--157},
  year      = {2014}
}

@inproceedings{c02,
  title={Similarity estimation techniques from rounding algorithms},
  author={Charikar, Moses S},
  booktitle={Proceedings of the thiry-fourth annual ACM symposium on Theory of computing},
  pages={380--388},
  year={2002},
  organization={ACM}
}

@article{dmm08,
  author    = {Petros Drineas and
               Michael W. Mahoney and
               S. Muthukrishnan},
  title     = {Relative-Error {CUR} Matrix Decompositions},
  journal   = {{SIAM} J. Matrix Analysis Applications},
  volume    = {30},
  number    = {2},
  pages     = {844--881},
  year      = {2008}
}

@inproceedings{dmm06b,
  author    = {Petros Drineas and
               Michael W. Mahoney and
               S. Muthukrishnan},
  title     = {Subspace Sampling and Relative-Error Matrix Approximation: Column-Based
               Methods},
  booktitle = {Approximation, Randomization, and Combinatorial Optimization. Algorithms
               and Techniques, 9th International Workshop on Approximation Algorithms
               for Combinatorial Optimization Problems, {APPROX} 2006 and 10th International
               Workshop on Randomization and Computation, {RANDOM} 2006, Barcelona,
               Spain, August 28-30 2006, Proceedings},
  pages     = {316--326},
  year      = {2006}
}

@inproceedings{dmm06,
  author    = {Petros Drineas and
               Michael W. Mahoney and
               S. Muthukrishnan},
  title     = {Subspace Sampling and Relative-Error Matrix Approximation: Column-Row-Based
               Methods},
  booktitle = {Algorithms - {ESA} 2006, 14th Annual European Symposium, Zurich, Switzerland,
               September 11-13, 2006, Proceedings},
  pages     = {304--314},
  year      = {2006}
}

@inproceedings{cdmmmw13,
  title={The fast cauchy transform and faster robust linear regression},
  author={Clarkson, Kenneth L and Drineas, Petros and Magdon-Ismail, Malik and Mahoney, Michael W and Meng, Xiangrui and Woodruff, David P},
  booktitle={Proceedings of the Twenty-Fourth Annual ACM-SIAM Symposium on Discrete Algorithms (SODA)},
  pages={466--477},
  year={2013},
  publisher ={\url{https://arxiv.org/pdf/1207.4684}},
  organization={Society for Industrial and Applied Mathematics}
}



@article{gv15,
  title={On the Complexity of Robust PCA and $ ell\_1 $-norm Low-Rank Matrix Approximation},
  author={Gillis, Nicolas and Vavasis, Stephen A},
  journal={arXiv preprint arXiv:1509.09236},
  year={2015}
}

@inproceedings{mm13,
  title={Low-distortion subspace embeddings in input-sparsity time and applications to robust linear regression},
  author={Meng, Xiangrui and Mahoney, Michael W},
  booktitle={Proceedings of the forty-fifth annual ACM symposium on Theory of computing},
  pages={91--100},
  year={2013},
  publisher ={\url{https://arxiv.org/pdf/1210.3135}},
  organization={ACM}
}

@inproceedings{bwz16,
  title={Optimal principal component analysis in distributed and streaming models},
  author={Boutsidis, Christos and Woodruff, David P and Zhong, Peilin},
  booktitle={Proceedings of the 48th Annual ACM SIGACT Symposium on Theory of Computing (STOC)},
  pages={236--249},
  year={2016},
  publisher ={\url{https://arxiv.org/pdf/1504.06729}},
  organization={ACM}
}

@inproceedings{woo14,
  title={Low rank approximation lower bounds in row-update streams},
  author={Woodruff, David P},
  booktitle={Advances in Neural Information Processing Systems (NIPS)},
  pages={1781--1789},
  year={2014}
}




@inproceedings{bklw14,
  title={Improved Distributed Principal Component Analysis},
  author={Balcan, Maria-Florina and Kanchanapally, Vandana and Liang, Yingyu and Woodruff, David},
  booktitle={Advances in Neural Information Processing Systems (NIPS)},
  publisher ={\url{https://arxiv.org/pdf/1408.5823}},
  year={2014}
}

@inproceedings{kvw14,
  title={Principal Component Analysis and Higher Correlations for Distributed Data},
  author={Kannan, Ravindran and Vempala, Santosh S and Woodruff, David P},
  booktitle={Proceedings of The 27th Conference on Learning Theory (COLT)},
  pages={1040--1057},
  year={2014}
}

@article{ft07,
  title={Generalized rank-constrained matrix approximations},
  author={Friedland, Shmuel and Torokhti, Anatoli},
  journal={SIAM Journal on Matrix Analysis and Applications},
  volume={29},
  number={2},
  pages={656--659},
  year={2007},
  publisher={SIAM}
}

@article{i06,
  title={Stable distributions, pseudorandom generators, embeddings, and data stream computation},
  author={Indyk, Piotr},
  journal={Journal of the ACM (JACM)},
  volume={53},
  number={3},
  pages={307--323},
  year={2006},
  publisher={ACM}
}

@article{cmm15,
  title={Ridge leverage scores for low-rank approximation},
  author={Cohen, Michael B and Musco, Cameron and Musco, Christopher},
  journal={arXiv preprint arXiv:1511.07263},
  year={2015}
}

@inproceedings{c16,
  author    = {Michael B. Cohen},
  title     = {Nearly Tight Oblivious Subspace Embeddings by Trace Inequalities},
  booktitle = {Proceedings of the Twenty-Seventh Annual {ACM-SIAM} Symposium on Discrete
               Algorithms (SODA), Arlington, VA, USA, January 10-12, 2016},
  pages     = {278--287},
  year      = {2016}
}

@inproceedings{lmp13,
  author    = {Mu Li and
               Gary L. Miller and
               Richard Peng},
  title     = {Iterative Row Sampling},
  booktitle = {54th Annual {IEEE} Symposium on Foundations of Computer Science, {FOCS}
               2013, 26-29 October, 2013, Berkeley, CA, {USA}},
  pages     = {127--136},
  publisher = {\url{https://arxiv.org/pdf/1211.2713}},
  year      = {2013}
}

@inproceedings{cp15,
 author = {Cohen, Michael B. and Peng, Richard},
 title = {$\ell_p$ Row Sampling by Lewis Weights},
 booktitle = {Proceedings of the Forty-Seventh Annual ACM on Symposium on Theory of Computing (STOC)},
 series = {STOC '15},
 year = {2015},
 pages = {183--192},
 publisher = {\url{https://arxiv.org/pdf/1412.0588}},
 address = {New York, NY, USA}
} 


@inproceedings{cw15focs,
  title={Input sparsity and hardness for robust subspace approximation},
  author={Clarkson, Kenneth L and Woodruff, David P},
  booktitle={2015 IEEE 56th Annual Symposium on Foundations of Computer Science (FOCS)},
  pages={310--329},
  year={2015},
  publisher = {\url{https://arxiv.org/pdf/1510.06073}},
  organization={IEEE}
}
@inproceedings{cw15soda,
  title={Sketching for M-estimators: A unified approach to robust regression},
  author={Clarkson, Kenneth L and Woodruff, David P},
  booktitle={Proceedings of the Twenty-Sixth Annual ACM-SIAM Symposium on Discrete Algorithms (SODA)},
  pages={921--939},
  year={2015},
  organization={SIAM}
}

@incollection{dv06,
  title={Adaptive sampling and fast low-rank matrix approximation},
  author={Deshpande, Amit and Vempala, Santosh},
  booktitle={Approximation, Randomization, and Combinatorial Optimization. Algorithms and Techniques},
  pages={292--303},
  year={2006},
  publisher={Springer}
}

@inproceedings{bdm11,
  author    = {Christos Boutsidis and
               Petros Drineas and
               Malik Magdon{-}Ismail},
  title     = {Near Optimal Column-Based Matrix Reconstruction},
  booktitle = {{IEEE} 52nd Annual Symposium on Foundations of Computer Science (FOCS), 
               2011, Palm Springs, CA, USA, October 22-25, 2011},
  pages     = {305--314},
  publisher = {\url{https://arxiv.org/pdf/1103.0995}},
  year      = {2011}
}

@inproceedings{dr10,
  title={Efficient volume sampling for row/column subset selection},
  author={Deshpande, Amit and Rademacher, Luis},
  booktitle={2010 51st Annual IEEE Symposium on Foundations of Computer Science (FOCS)},
  pages={329--338},
  year={2010},
  publisher ={\url{https://arxiv.org/pdf/1004.4057}},
  organization={IEEE}
}

@inproceedings{bmd09,
  title={An improved approximation algorithm for the column subset selection problem},
  author={Boutsidis, Christos and Mahoney, Michael W and Drineas, Petros},
  booktitle={Proceedings of the twentieth Annual ACM-SIAM Symposium on Discrete Algorithms (SODA)},
  pages={968--977},
  year={2009},
  publisher ={\url{https://arxiv.org/pdf/0812.4293}},
  organization={Society for Industrial and Applied Mathematics}
}

@inproceedings{bw14,
  title={Optimal CUR matrix decompositions},
  author={Boutsidis, Christos and Woodruff, David P},
  booktitle={Proceedings of the 46th Annual ACM Symposium on Theory of Computing (STOC)},
  pages={353--362},
  year={2014},
  publisher ={\url{https://arxiv.org/pdf/1405.7910}},
  organization={ACM}
}


%%%%%% polynoimal system verifier related stuff

@inproceedings{bdl16,
  author    = {Amitabh Basu and
               Michael Dinitz and
               Xin Li},
  title     = {Computing approximate {PSD} factorizations},
  booktitle   = {arXiv preprint},
  publisher   = {\url{https://arxiv.org/pdf/1602.07351}},
  year      = {2016}
}

@article{r92a,
  author    = {James Renegar},
  title     = {On the Computational Complexity and Geometry of the First-Order Theory
               of the Reals, Part {I:} Introduction. Preliminaries. The Geometry
               of Semi-Algebraic Sets. The Decision Problem for the Existential Theory
               of the Reals},
  journal   = {J. Symb. Comput.},
  volume    = {13},
  number    = {3},
  pages     = {255--300},
  year      = {1992}
}

@article{r92b,
  author    = {James Renegar},
  title     = {On the Computational Complexity and Geometry of the First-Order Theory
               of the Reals, Part {II:} The General Decision Problem. Preliminaries
               for Quantifier Elimination},
  journal   = {J. Symb. Comput.},
  volume    = {13},
  number    = {3},
  pages     = {301--328},
  year      = {1992}
}

@article{bpr96,
  author    = {Saugata Basu and
               Richard Pollack and
               Marie{-}Fran{\c{c}}oise Roy},
  title     = {On the Combinatorial and Algebraic Complexity of Quantifier Elimination},
  journal   = {J. {ACM}},
  volume    = {43},
  number    = {6},
  pages     = {1002--1045},
  year      = {1996}
}

@article{basu2014algorithms,
  title={Algorithms in real algebraic geometry: a survey},
  author={Basu, Saugata},
  journal={arXiv preprint arXiv:1409.1534},
  year={2014}
}

@book{basu2005algorithms,
  title={Algorithms in real algebraic geometry},
  author={Basu, Saugata and Pollack, Richard and Roy, Marie-Francoise},
  volume={20033},
  year={2005},
  publisher={Springer}
}

@inproceedings{m13,
  author    = {Ankur Moitra},
  title     = {An Almost Optimal Algorithm for Computing Nonnegative Rank},
  booktitle = {Proceedings of the Twenty-Fourth Annual {ACM-SIAM} Symposium on Discrete
               Algorithms (SODA), New Orleans, Louisiana, USA, January 6-8,
               2013},
  pages     = {1454--1464},
  publisher = {\url{https://arxiv.org/pdf/1205.0044}},
  year      = {2013}
}

@inproceedings{agkm12,
  author    = {Sanjeev Arora and
               Rong Ge and
               Ravindran Kannan and
               Ankur Moitra},
  title     = {Computing a nonnegative matrix factorization - provably},
  booktitle = {Proceedings of the 44th Symposium on Theory of Computing Conference (STOC),
                New York, NY, USA, May 19 - 22, 2012},
  pages     = {145--162},
  publisher = {\url{https://arxiv.org/pdf/1111.0952}},
  year      = {2012}
}

@inproceedings{rsw16,
  title={Weighted low rank approximations with provable guarantees},
  author={Razenshteyn, Ilya and Song, Zhao and Woodruff, David P},
  booktitle={STOC},
  year={2016}
}


@inproceedings{swz17,
  title={Low Rank Approximation with Entrywise $\ell_1$-Norm Error},
  author={Song, Zhao and Woodruff, David P and Zhong, Peilin},
  booktitle={STOC},
  publisher={\url{https://arxiv.org/pdf/1611.00898}},
  year={2017}
}

@inproceedings{vw17,
  title={Adaptive Matrix Vector Product},
  author={Santosh S. Vempala and David P. Woodruff},
  booktitle={Proceedings of the Twenty-Eighth Annual ACM-SIAM Symposium on Discrete Algorithms (SODA)},
  year={2017},
  organization={SIAM}
}

%%%%%%%%%%%%%%%%%%%

@article{cdl13,
  title={On the stability and accuracy of least squares approximations},
  author={Cohen, Albert and Davenport, Mark A and Leviatan, Dany},
  journal={Foundations of computational mathematics},
  volume={13},
  number={5},
  pages={819--834},
  year={2013},
  publisher={Springer}
}

@article{rv08,
  title={On sparse reconstruction from Fourier and Gaussian measurements},
  author={Rudelson, Mark and Vershynin, Roman},
  journal={Communications on Pure and Applied Mathematics},
  volume={61},
  number={8},
  pages={1025--1045},
  year={2008},
  publisher={Wiley Online Library}
}

@inproceedings{Lib13,
  title={Simple and deterministic matrix sketching},
  author={Liberty, Edo},
  booktitle={Proceedings of the 19th ACM SIGKDD international conference on Knowledge discovery and data mining (KDD)},
  pages={581--588},
  year={2013},
  organization={ACM}
}

@inproceedings{fegk13,
  title={Distributed column subset selection on MapReduce},
  author={Farahat, Ahmed K and Elgohary, Ahmed and Ghodsi, Ali and Kamel, Mohamed S},
  booktitle={2013 IEEE 13th International Conference on Data Mining (ICDM)},
  pages={171--180},
  year={2013},
  organization={IEEE}
}



@incollection{bai2005principal,
  title={Principal component analysis for distributed data sets with updating},
  author={Bai, Zheng-Jian and Chan, Raymond H and Luk, Franklin T},
  booktitle={Advanced Parallel Processing Technologies},
  pages={471--483},
  year={2005},
  publisher={Springer}
}

@inproceedings{macua2010consensus,
  title={Consensus-based distributed principal component analysis in wireless sensor networks},
  author={Macua, Sergio V and Belanovic, Pavle and Zazo, Santiago},
  booktitle={Signal Processing Advances in Wireless Communications (SPAWC), 2010 IEEE Eleventh International Workshop on},
  pages={1--5},
  year={2010},
  organization={IEEE}
}

@article{poulson2013elemental,
  title={Elemental: A new framework for distributed memory dense matrix computations},
  author={Poulson, Jack and Marker, Bryan and van de Geijn, Robert A and Hammond, Jeff R and Romero, Nichols A},
  journal={ACM Transactions on Mathematical Software (TOMS)},
  volume={39},
  number={2},
  pages={13},
  year={2013},
  publisher={ACM}
}

@article{tisseur1999parallel,
  title={A parallel divide and conquer algorithm for the symmetric eigenvalue problem on distributed memory architectures},
  author={Tisseur, Fran{\c{c}}oise and Dongarra, Jack},
  journal={SIAM Journal on Scientific Computing},
  volume={20},
  number={6},
  pages={2223--2236},
  year={1999},
  publisher={SIAM}
}

@ARTICLE{bm86, 
author={Y. Bresler and A. Macovski}, 
journal={IEEE Transactions on Acoustics, Speech, and Signal Processing}, 
title={Exact maximum likelihood parameter estimation of superimposed exponential signals in noise}, 
year={1986}, 
volume={34}, 
number={5}, 
pages={1081-1089}, 
keywords={Additive noise;Frequency estimation;Gaussian noise;Helium;Maximum likelihood estimation;Parameter estimation;Polynomials;Signal analysis;Signal processing;Signal processing algorithms}, 
doi={10.1109/TASSP.1986.1164949}, 
ISSN={0096-3518}, 
month={Oct},}

@article{h15,
  title={The Restricted Isometry Property of Subsampled {F}ourier Matrices},
  author={Haviv, Ishay and Regev, Oded},
  journal={arXiv preprint arXiv:1507.01768},
  year={2015}
}



@incollection{b14,
  title={An improved estimate in the restricted isometry problem},
  author={Bourgain, Jean},
  booktitle={Geometric Aspects of Functional Analysis},
  pages={65--70},
  year={2014},
  publisher={Springer}
}

@article{rw12,
  title={Sparse Legendre expansions via ℓ1-minimization},
  author={Rauhut, Holger and Ward, Rachel},
  journal={Journal of approximation theory},
  volume={164},
  number={5},
  pages={517--533},
  year={2012},
  publisher={Elsevier}
}

@article{hik15,
  title={Rapidly Computing Sparse Legendre Expansions via Sparse {F}ourier Transforms},
  author={Hu, Xianfeng and Iwen, Mark and Kim, Hyejin and others},
  journal={arXiv preprint arXiv:1508.04758},
  year={2015}
}

@article{gz16,
  title={Robust {F}ourier and Polynomial Curve Fitting},
  author={Venkatesan Guruswami and David Zuckerman},
  journal={Manuscript},
  year={2016}
}

@article{crt06,
  title={Stable signal recovery from incomplete and inaccurate measurements},
  author={Candes, Emmanuel J and Romberg, Justin K and Tao, Terence},
  journal={Communications on pure and applied mathematics},
  volume={59},
  number={8},
  pages={1207--1223},
  year={2006},
  publisher={Wiley Online Library}
}

@inproceedings{hk15,
  title={Super-Resolution Off the Grid},
  author={Huang, Qingqing and Kakade, Sham M},
  booktitle={Advances in Neural Information Processing Systems},
  pages={2647--2655},
  year={2015}
}

@article{roy86,
  title={ESPRIT--A subspace rotation approach to estimation of parameters of cisoids in noise},
  author={Roy, Robert and Paulraj, Arogyaswami and Kailath, Thomas},
  journal={Acoustics, Speech and Signal Processing, IEEE Transactions on},
  volume={34},
  number={5},
  pages={1340--1342},
  year={1986},
  publisher={IEEE}
}

@article{schmidt81,
  title={A signal subspace approach to multiple emitter location spectral estimation},
  author={Schmidt, Ralph Otto},
  journal={Ph. D. Thesis, Stanford University},
  year={1981}
}

@inproceedings{yx15,
  title={Achieving high resolution for super-resolution via reweighted atomic norm minimization},
  author={Yang, Zai and Xie, Lihua},
  booktitle={Acoustics, Speech and Signal Processing (ICASSP), 2015 IEEE International Conference on},
  pages={3646--3650},
  year={2015},
  organization={IEEE}
}

@article{tbr15,
  title={Near minimax line spectral estimation},
  author={Tang, Gongguo and Bhaskar, Badri Narayan and Recht, Benjamin},
  journal={Information Theory, IEEE Transactions on},
  volume={61},
  number={1},
  pages={499--512},
  year={2015},
  publisher={IEEE}
}

@article{fl12,
  title={Coherence pattern-guided compressive sensing with unresolved grids},
  author={Fannjiang, Albert and Liao, Wenjing},
  journal={SIAM Journal on Imaging Sciences},
  volume={5},
  number={1},
  pages={179--202},
  year={2012},
  publisher={SIAM}
}

@article{m69,
  title={Shift-register synthesis and BCH decoding},
  author={Massey, James L},
  journal={Information Theory, IEEE Transactions on},
  volume={15},
  number={1},
  pages={122--127},
  year={1969},
  publisher={IEEE}
}

@article{cf14,
  title={Towards a Mathematical Theory of Super-resolution},
  author={Cand{\`e}s, Emmanuel J and {Fernandez-Granda}, Carlos},
  journal={Communications on Pure and Applied Mathematics},
  volume=67,
  number=6,
  pages={906--956},
  year=2014,
  publisher={Wiley Online Library}
}


@inproceedings{k16,
  author    = {Michael Kapralov},
  title     = {Sparse {F}ourier Transform in Any Constant Dimension with Nearly-Optimal Sample Complexity in Sublinear Time},
  booktitle = {Symposium on Theory of Computing Conference, STOC'16, Cambridge, MA,
               USA, June 19-21, 2016},
  year      = {2016}
}


@article{tarjan09,
  title={Lecture 10: More Chernoff Bounds, Sampling, and the Chernoff + Union Bound},
  author={Robert E. Tarjan},
  journal={Princeton Class Notes, Probability and Computing},
  pages={1--9},
  year={2009}
}


@article{chernoff1952,
  title={A measure of asymptotic efficiency for tests of a hypothesis based on the sum of observations},
  author={Chernoff, Herman},
  journal={The Annals of Mathematical Statistics},
  volume={23},
  pages={493--507},
  year={1952}
}

@inproceedings{cw13,
  author    = {Kenneth L. Clarkson and
               David P. Woodruff},
  title     = {Low rank approximation and regression in input sparsity time},
  booktitle = {Symposium on Theory of Computing Conference, STOC'13, Palo Alto, CA,
               USA, June 1-4, 2013},
  pages     = {81--90},
  publisher = {\url{https://arxiv.org/pdf/1207.6365}},
  year      = {2013}
}

@inproceedings{hikp12,
  title={Simple and practical algorithm for sparse {F}ourier transform},
  author={Hassanieh, Haitham and Indyk, Piotr and Katabi, Dina and Price, Eric},
  booktitle={Proceedings of the twenty-third annual ACM-SIAM symposium on Discrete Algorithms},
  pages={1183--1194},
  year={2012},
  organization={SIAM}
}

@book{cg00,
  title={Computational geometry},
  author={De Berg, Mark and {Van Kreveld}, Marc and Overmars, Mark and Schwarzkopf, Otfried Cheong},
  year=2000,
  publisher={Springer}
}

@book{Dunster,
  title={Legendre and Related Functions},
  author={Mark Dunster},
  year=2010,
  publisher={Handbook of Mathematical Functions, Cambridge University Press},
  ISBN = "978-0521192255",
}

@book{Hazewinkel,
  title={Gram matrix},
  author={Michiel Hazewinkel},
  year=2001,
  publisher={Encyclopedia of Mathematics, Springer},
      ISBN      = "978-1-55608-010-4",
}

@incollection{CCF02,
  title={Finding frequent items in data streams},
  author={Charikar, Moses and Chen, Kevin and {Farach-Colton}, Martin},
  booktitle={Automata, Languages and Programming},
  pages={693--703},
  year={2002},
  publisher={Springer}
}

@article{Iw13,
  title={Improved approximation guarantees for sublinear-time {F}ourier algorithms},
  author={Iwen, Mark A},
  journal={Applied And Computational Harmonic Analysis},
  volume={34},
  number={1},
  pages={57--82},
  year={2013},
  publisher={Elsevier}
}

@inproceedings{GMS,
  title={Improved time bounds for near-optimal sparse {F}ourier representations},
  author={Gilbert, Anna C and Muthukrishnan, S and Strauss, Martin},
  booktitle={Optics \& Photonics 2005},
  pages={59141A--59141A},
  year={2005},
  organization={International Society for Optics and Photonics}
}

@inproceedings{GGIMS,
  title={Near-optimal sparse {F}ourier representations via sampling},
  author={Gilbert, Anna C and Guha, Sudipto and Indyk, Piotr and Muthukrishnan, S and Strauss, Martin},
  booktitle={Proceedings of the thiry-fourth annual ACM symposium on Theory of computing},
  pages={152--161},
  year={2002},
  organization={ACM}
}


@inproceedings{IK,
  title={Sample-Optimal {F}ourier Sampling in Any Constant Dimension},
  author={Indyk, Piotr and Kapralov, Michael},
  booktitle={Foundations of Computer Science (FOCS), 2014 IEEE 55th Annual Symposium on},
  pages={514--523},
  year={2014},
  organization={IEEE}
}

@inproceedings{IKP,
  title={({N}early) {S}ample-optimal sparse {F}ourier transform},
  author={Indyk, Piotr and Kapralov, Michael and Price, Eric},
  booktitle={Proceedings of the Twenty-Fifth Annual ACM-SIAM Symposium on Discrete Algorithms},
  pages={480--499},
  year={2014},
  organization={SIAM}
}

@inproceedings{M15,
  title={The threshold for super-resolution via extremal functions},
  author={Moitra, Ankur},
  booktitle = {STOC},
  year = {2015}
}

@misc{stack:pose,
   author = "Stack Exchange",
   title = "Low-rank matrix approximation in terms of entry-wise $\ell_1$ norm",
   year = "2013",
   url = "http://math.stackexchange.com/questions/539652/low-rank-matrix-approximation-in-terms-of-entry-wise-l-1-norm"
   }

@misc{wiki:piano,
   author = "Wikipedia",
   title = "Piano key frequencies --- {W}ikipedia{,} The Free Encyclopedia",
   year = "2015",
   url = "\url{https://en.wikipedia.org/w/index.php?title=Piano_key_frequencies&oldid=654050825}",
   note = "[Online; accessed 30-Mar-2015]"
}

@inproceedings{indyk2011k,
  title={K-median clustering, model-based compressive sensing, and sparse recovery for earth mover distance},
  author={Indyk, Piotr and Price, Eric},
  booktitle={Proceedings of the forty-third annual ACM symposium on Theory of computing},
  pages={627--636},
  year={2011},
  organization={ACM}
}

@article{tang2013earth,
  title={Earth Mover’s Distance based Similarity Search at Scale},
  author={Tang, Yu and Leong Hou, U and Cai, Yilun and Mamoulis, Nikos and Cheng, Reynold},
  journal={Proceedings of the VLDB Endowment},
  volume={7},
  number={4},
  pages={313--324},
  year={2013}
}

@article{GLPS,
  title={Approximate sparse recovery: optimizing time and measurements},
  author={Gilbert, Anna C and Li, Yi and Porat, Ely and Strauss, Martin J},
  journal={SIAM Journal on Computing},
  volume={41},
  number={2},
  pages={436--453},
  year={2012},
  publisher={SIAM}
}

@inproceedings{HIKP,
  title={Nearly Optimal Sparse {F}ourier Transform},
  author={Haitham Hassanieh and Piotr Indyk and Dina Katabi and Eric Price},
  booktitle={Proceedings of the forty-fourth annual ACM symposium on Theory of computing},
  pages={},
  year={2012},
  organization={ACM}
}


@incollection{BCGLS,
  title={What's the frequency, {K}enneth?: Sublinear {F}ourier sampling off the grid},
  author={Boufounos, Petros and Cevher, Volkan and Gilbert, Anna C and Li, Yi and Strauss, Martin J},
  booktitle={Algorithmica(A preliminary version of this paper appeared in the Proceedings of RANDOM/APPROX 2012, LNCS 7408, pp. 61–-72)},
  pages={1-28},
  year={2014},
  publisher={Springer}
}

@article{moitra2014threshold,
  title={The Threshold for Super-resolution via Extremal Functions},
  author={Moitra, Ankur},
  journal={arXiv preprint arXiv:1408.1681},
  year={2014}
}

@inproceedings{PR14,
  title={A robust {R}-{FFAST} framework for computing a k-sparse n-length {DFT} in {O}(k log n) sample complexity using sparse-graph codes},
  author={Pawar, Sameer and Ramchandran, Kannan},
  booktitle={Information Theory (ISIT), 2014 IEEE International Symposium on},
  pages={1852--1856},
  year={2014},
  organization={IEEE}
}

@inproceedings{williams2012multiplying,
  title={Multiplying matrices faster than Coppersmith-Winograd},
  author={Williams, Virginia Vassilevska},
  booktitle={Proceedings of the forty-fourth annual ACM symposium on Theory of computing (STOC)},
  pages={887--898},
  year={2012},
  organization={ACM}
}

@article{coppersmith1990matrix,
  title={Matrix multiplication via arithmetic progressions},
  author={Coppersmith, Don and Winograd, Shmuel},
  journal={Journal of symbolic computation},
  volume={9},
  number={3},
  pages={251--280},
  year={1990},
  publisher={Elsevier}
}

@article{CT65,
  title={An algorithm for the machine calculation of complex {F}ourier series},
  author={Cooley, James W and Tukey, John W},
  journal={Mathematics of computation},
  volume={19},
  number={90},
  pages={297--301},
  year={1965},
  publisher={JSTOR}
}

@article{t11,
  title={Improved analysis of the subsampled randomized Hadamard transform},
  author={Tropp, Joel A},
  journal={Advances in Adaptive Data Analysis},
  volume={3},
  number={01n02},
  pages={115--126},
  year={2011},
  publisher={World Scientific}
}

@inproceedings{s06,
  author    = {Tam{\'{a}}s Sarl{\'{o}}s},
  title     = {Improved Approximation Algorithms for Large Matrices via Random Projections},
  booktitle = {47th Annual {IEEE} Symposium on Foundations of Computer Science (FOCS)
               , 21-24 October 2006, Berkeley, California, USA, Proceedings},
  pages     = {143--152},
  year      = {2006}
}

@article{HS90,
  title={Matrix pencil method for estimating parameters of exponentially damped/undamped sinusoids in noise},
  author={Hua, Yingbo and Sarkar, Tapan K},
  journal={Acoustics, Speech and Signal Processing, IEEE Transactions on},
  volume={38},
  number={5},
  pages={814--824},
  year={1990},
  publisher={IEEE}
}

@inproceedings{mrs-sparse,
  title={Mrs sparse-fft: Reducing acquisition time and artifacts for in vivo 2d correlation spectroscopy},
  author={Shi, Lixin and Andronesi, O and Hassanieh, Haitham and Ghazi, Badih and Katabi, Dina and Adalsteinsson, Elfar},
  booktitle={ISMRM’13, Int. Society for Magnetic Resonance in Medicine Annual Meeting and Exhibition},
  year={2013}
}

@article{TBSR,
  title={Compressed sensing off the grid},
  author={Tang, Gongguo and Bhaskar, Badri Narayan and Shah, Parikshit and Recht, Benjamin},
  journal={Information Theory, IEEE Transactions on},
  volume={59},
  number={11},
  pages={7465--7490},
  year={2013},
  publisher={IEEE}
}

@article{pagh2013compressed,
  title={Compressed matrix multiplication},
  author={Pagh, Rasmus},
  journal={ACM Transactions on Computation Theory (TOCT)},
  volume={5},
  number={3},
  pages={9},
  year={2013},
  publisher={ACM}
}

@article{agarwal2013learning,
  title={Learning sparsely used overcomplete dictionaries via alternating minimization},
  author={Agarwal, Alekh and Anandkumar, Animashree and Jain, Prateek and Netrapalli, Praneeth and Tandon, Rashish},
  journal={arXiv preprint arXiv:1310.7991},
  year={2013}
}

@inproceedings{ps15,
  title={A Robust Sparse {F}ourier Transform in the Continuous Setting},
  author={Price, Eric and Song, Zhao},
  booktitle={FOCS},
  publisher = {\url{https://arxiv.org/pdf/1609.00896}},
  pages={583--600},
  year={2015}
}

@inproceedings{wz13,
  author    = {David P. Woodruff and
               Qin Zhang},
  title     = {Subspace Embeddings and $\ell_p$-Regression
               Using Exponential Random Variables},
  booktitle = {{COLT} 2013 - The 26th Annual Conference on Learning Theory, June
               12-14, 2013, Princeton University, NJ, {USA}},
  pages     = {546--567},
  year      = {2013}
}



@inproceedings{li2014sketching,
  title={On sketching matrix norms and the top singular vector},
  author={Li, Yi and Nguy{\^e}n, Huy L and Woodruff, David P},
  booktitle={Proceedings of the Twenty-Fifth Annual ACM-SIAM Symposium on Discrete Algorithms},
  pages={1562--1581},
  year={2014},
  organization={SIAM}
}

@article{Muthu,
  author    = {S. Muthukrishnan},
  title     = "{Data Streams: Algorithms and Applications}",
  journal   = {Foundations and Trends in Theoretical Computer Science},
  volume    = {1},
  number    = {2},
  pages     = "117--236",
  year      = {2005},
}

@inproceedings{cw09,
  author    = {Kenneth L. Clarkson and
               David P. Woodruff},
  title     = {Numerical linear algebra in the streaming model},
  booktitle = {Proceedings of the 41st Annual {ACM} Symposium on Theory of Computing,
               {STOC} 2009, Bethesda, MD, USA, May 31 - June 2, 2009},
  pages     = {205--214},
  year      = {2009}
}

@inproceedings{andoni2013eigenvalues,
  title={Eigenvalues of a matrix in the streaming model},
  author={Alexandr Andoni and Huy L. Nguy{\^{e}}n},
  booktitle={Proceedings of the Twenty-Fourth Annual ACM-SIAM Symposium on Discrete Algorithms},
  pages={1729--1737},
  year={2013},
  organization={SIAM}
}

@article{johnson1984extensions,
  title={Extensions of Lipschitz mappings into a Hilbert space},
  author={Johnson, William B and Lindenstrauss, Joram},
  journal={Contemporary mathematics},
  volume={26},
  number={189-206},
  pages={1},
  year={1984}
}
@article{a03,
  title={Database-friendly random projections: Johnson-Lindenstrauss with binary coins},
  author={Achlioptas, Dimitris},
  journal={Journal of computer and System Sciences},
  volume={66},
  number={4},
  pages={671--687},
  year={2003},
  publisher={Elsevier}
}
@book{boyd2004convex,
  title={Convex optimization},
  author={Boyd, Stephen and Vandenberghe, Lieven},
  year={2004},
  publisher={Cambridge university press}
}
@article{recht2010guaranteed,
  title={Guaranteed minimum-rank solutions of linear matrix equations via nuclear norm minimization},
  author={Recht, Benjamin and Fazel, Maryam and Parrilo, Pablo A},
  journal={SIAM review},
  volume={52},
  number={3},
  pages={471--501},
  year={2010},
  publisher={SIAM}
}
@article{liu2009interior,
  title={Interior-point method for nuclear norm approximation with application to system identification},
  author={Liu, Zhang and Vandenberghe, Lieven},
  journal={SIAM Journal on Matrix Analysis and Applications},
  volume={31},
  number={3},
  pages={1235--1256},
  year={2009},
  publisher={SIAM}
}

@inproceedings{gl04,
  title={An approximation hardness result for bipartite clique},
  author={Goerdt, Andreas and Lanka, Andr{\'e}},
  booktitle={Electronic Colloquium on Computational Complexity, Report},
  volume={48},
  publisher = {\url{https://eccc.weizmann.ac.il/report/2004/048/}},
  year={2004}
}

@inproceedings{kn14,
  title={Sparser johnson-lindenstrauss transforms},
  author={Kane, Daniel M and Nelson, Jelani},
  booktitle={Journal of the ACM (JACM)},
  volume={61(1)},
  pages={4},
  year={2014},
  publisher={\url{https://arxiv.org/pdf/1012.1577}}
}

@article{rta12,
  title={Alternating maximization: Unifying framework for 8 sparse PCA formulations and efficient parallel codes},
  author={Richt{\'a}rik, Peter and Tak{\'a}{\v{c}}, Martin and Ahipa{\c{s}}ao{\u{g}}lu, Selin Damla},
  journal={arXiv preprint arXiv:1212.4137},
  year={2012}
}

@article{uhzb16,
  title={Generalized low rank models},
  author={Udell, Madeleine and Horn, Corinne and Zadeh, Reza and Boyd, Stephen and others},
  journal={Foundations and Trends{\textregistered} in Machine Learning},
  volume={9},
  number={1},
  pages={1--118},
  year={2016},
  publisher={Now Publishers, Inc.}
}

@article{cgsrsrw17,
  title={Algorithms for $\ell\_p$ Low Rank Approximation},
  author={Chierichetti, Flavio and Gollapudi, Sreenivas and Kumar, Ravi and Lattanzi, Silvio and Panigrahy, Rina and Woodruff, David P},
  journal={arXiv preprint arXiv:1705.06730},
  year={2017}
}

@inproceedings{wywy12,
  title={A probabilistic approach to robust matrix factorization},
  author={Wang, Naiyan and Yao, Tiansheng and Wang, Jingdong and Yeung, Dit-Yan},
  booktitle={European Conference on Computer Vision},
  pages={126--139},
  year={2012},
  organization={Springer}
}

@article{t96,
  title={Regression shrinkage and selection via the lasso},
  author={Tibshirani, Robert},
  journal={Journal of the Royal Statistical Society. Series B (Methodological)},
  pages={267--288},
  year={1996},
  publisher={JSTOR}
}

@inproceedings{wy13,
  title={Bayesian robust matrix factorization for image and video processing},
  author={Wang, Naiyan and Yeung, Dit-Yan},
  booktitle={Proceedings of the IEEE International Conference on Computer Vision},
  pages={1785--1792},
  year={2013}
}

@inproceedings{xcs11,
  title={Direct robust matrix factorizatoin for anomaly detection},
  author={Xiong, Liang and Chen, Xi and Schneider, Jeff},
  booktitle={Data Mining (ICDM), 2011 IEEE 11th International Conference on},
  pages={844--853},
  year={2011},
  organization={IEEE}
}
