

@inproceedings{hsla20,
  title={InstaHide: Instace-hiding Schemes for Private Distributed Learning},
  author={Yangsibo Huang and Zhao Song and Kai Li and Sanjeev Arora},
  booktitle = {ICML},
  year={2020}
}

@inproceedings{hsr+20,
  title={Privacy-preserving Learning via Deep Net Pruning},
  author={Huang, Yangsibo and Su, Yushan and Ravi, Sachin and Song, Zhao and Arora, Sanjeev and Li, Kai},
  booktitle = {arXiv preprint},
  publisher={\url{https://arxiv.org/pdf/2003.01876.pdf}},
  year={2020}
}

