@inproceedings{dzps19,
  title={Gradient descent provably optimizes over-parameterized neural networks},
  author={Du, Simon S and Zhai, Xiyu and Poczos, Barnabas and Singh, Aarti},
  booktitle={ICLR},
  publisher={\url{https://arxiv.org/pdf/1810.02054}},
  year={2019}
}


@inproceedings{sy19,
  title={Quadratic suffices for over-parametrization via matrix chernoff bound},
  author={Song, Zhao and Yang, Xin},
  booktitle={arXiv preprint},
  publisher={\url{https://arxiv.org/pdf/1906.03593}},
  year={2019}
}

@inproceedings{jgh18,
  title={Neural tangent kernel: Convergence and generalization in neural networks},
  author={Jacot, Arthur and Gabriel, Franck and Hongler, Cl{\'e}ment},
  booktitle={Advances in neural information processing systems},
  pages={8571--8580},
  year={2018}
}


@article{b24,
  title={On a modification of Chebyshev's inequality and of the error formula of Laplace},
  author={Bernstein, Sergei},
  journal={Ann. Sci. Inst. Sav. Ukraine, Sect. Math},
  volume={1},
  number={4},
  pages={38--49},
  year={1924}
}

@article{h63,
  title={Probability Inequalities for Sums of Bounded Random Variables},
  author={Hoeffding, Wassily},
  journal={Journal of the American Statistical Association},
  volume={58},
  number={301},
  pages={13--30},
  year={1963},
  publisher={Taylor \& Francis}
}